2964 4678
263 1735 412 1892 Atque
434 1825 473 1870 ex
495 1804 604 1870 multis
630 1803 693 1870 illis
723 1805 853 1872 fabulae
875 1805 1071 1892 Euripideae
1101 1805 1194 1881 loeis,
1225 1806 1281 1890 qui

262 1914 414 1984 aeritieo
444 1912 574 1978 tractari
606 1924 757 2000 possunt,
787 1937 841 1979 eos
871 1926 994 1980 tautum
1025 1913 1194 2000 elegimus,
1225 1911 1281 1996 qui

262 2019 357 2086 nobis
400 2013 594 2081 uberrimam
632 2015 819 2102 disputandi
856 2017 1026 2092 materiam,
1058 2016 1281 2104 praebuerunt.

263 2117 499 2186 Difficillimum
535 2115 620 2182 enim
659 2119 824 2202 negotium
857 2131 922 2200 est,
957 2120 1168 2195 Alcestidem,
1201 2139 1284 2202 quae

264 2221 376 2288 fabula
405 2217 627 2285 diversissimis
657 2231 757 2286 scatet
786 2221 977 2288 leetionibus
1008 2223 1093 2288 omui
1122 2244 1161 2306 ex
1191 2229 1283 2304 parte

267 2324 313 2390 ita
334 2343 498 2390 recensere
520 2331 617 2406 utque
639 2319 851 2402 adumbrare,
882 2336 917 2390 ut
939 2324 1018 2390 nihil
1041 2345 1103 2389 non
1126 2321 1167 2386 ad
1190 2321 1282 2407 liqui-

265 2425 341 2492 dum
364 2421 556 2510 perduetum
579 2444 647 2488 esse
666 2423 823 2502 videatur,
847 2445 995 2510 quaeres
1011 2425 1127 2492 subtile
1143 2425 1283 2490 virorum

264 2527 430 2594 doctorum
453 2523 617 2608 ingenium
641 2524 810 2591 desiderat.

263 2669 315 2716 vv.
342 2645 378 2712 17
401 2667 469 2732 sqq.
493 2643 552 2732 οὐχ
574 2641 652 2731 εὗρε
673 2645 751 2733 πλὴν
774 2646 918 2728 γυναικὸς
937 2647 1007 2736 ἥτις
1027 2643 1122 2735 ἤθελε

492 2744 599 2810 θανεῖν
621 2747 685 2834 πρὸ
707 2747 808 2812 κείνου
827 2749 903 2837 μηδ’
926 2747 967 2814 ἔτ’
991 2749 1118 2836 εῖςορᾶν
1140 2748 1234 2835 φάος,

491 2849 512 2936 ἣ,
534 2851 588 2912 νῦν
610 2849 676 2914 κατ’
699 2848 807 2925 οἴκους
828 2851 860 2916 ἐν
879 2855 989 2940 χεροῖν
1011 2850 1201 2936 βαστάζεται

494 3055 755 3142 ῴοχορραγοῦοα·

350 3172 484 3260 Optime
511 3171 722 3238 kiruhhoffius
750 3185 823 3259 post
845 3195 974 3240 versum
1002 3175 1039 3239 18
1054 3197 1078 3240 e
1100 3173 1284 3256 conjectura

265 3299 324 3344 sua
347 3279 494 3344 laeenam
518 3275 683 3342 indicavit.
714 3275 888 3344 Desideras
911 3277 1012 3351 enim,
1040 3286 1075 3342 ut
1096 3275 1229 3342 voeibus
1251 3275 1284 3338 ἐν

262 3385 373 3472 χεροῖν
381 3377 572 3463 βαστάζεται
581 3378 705 3464 aliquid
714 3377 891 3462 adjicietur,
905 3377 989 3462 quod
1000 3379 1175 3446 orationem
1185 3377 1288 3460 magis

267 3494 450 3552 aueuratam
472 3491 570 3565 atque
592 3481 757 3550 definitam
781 3481 904 3546 reddat.
938 3479 1068 3546 Excidit
1089 3483 1224 3547 fortasse
1245 3477 1287 3542 si-

267 3586 350 3652 milis
373 3583 545 3659 sententia,
573 3603 716 3668 aequae
738 3583 849 3669 paullo
871 3583 956 3647 infra
978 3606 1006 3648 v.
1030 3581 1092 3648 206
1114 3603 1185 3666 sqq.
1207 3579 1287 3664 legi-

267 3702 330 3768 tur,
349 3695 373 3767 ¹)
396 3702 493 3773 <prum
516 3685 677 3770 quomodo
699 3685 752 3753 hie
775 3696 870 3773 poeta
892 3685 1094 3771 expresserit,
1117 3683 1209 3748 nobis
1226 3705 1291 3748 non

268 3794 377 3879 liquet.
421 3789 546 3855 Mirum
569 3800 616 3855 est
638 3810 724 3867 sane,
747 3789 834 3874 quod
857 3787 888 3851 in
912 3787 1001 3852 nullo
1024 3785 1134 3852 codiee
1155 3783 1291 3852 laeunae

271 3945 560 3969 -a--A--ffl—

361 4042 384 4114 ¹)
406 4032 501 4098 κλαίει
522 4030 666 4116 γ’ἄκοιτιν
688 4029 721 4094 ἐν

765 4033 851 4116 spoia
873 4029 966 4122 φίλην
988 4027 1069 4122 ἔχων
1089 4027 1194 4120 καὶμὴ
1214 4048 1294 4116 προ-

271 4124 380 4194 δοῦναι
401 4121 542 4191 λίσσεται
559 4119 722 4213 τάμήχανα
739 4053 855 4209 dardi·
