<?xml version="1.0" encoding="UTF-8"?>
<!DOCTYPE html PUBLIC "-//W3C//DTD XHTML 1.0 Transitional//EN"
    "http://www.w3.org/TR/xhtml1/DTD/xhtml1-transitional.dtd">
<html xmlns="http://www.w3.org/1999/xhtml" xml:lang="en" lang="en">
 <head>
  <title>
</title>
<meta http-equiv="Content-Type" content="text/html;charset=utf-8" />
  <meta name='ocr-system' content='tesseract 3.04.00' />
  <meta name='ocr-capabilities' content='ocr_page ocr_carea ocr_par ocr_line ocrx_word'/>
</head>
<body>
  <div class='ocr_page' id='page_1' title='image "./quaestionescrit00kolagoog_0010.png"; bbox 0 0 2964 4678; ppageno 0'>
   <div class='ocr_carea' id='block_1_1' title="bbox 1241 411 1278 484">
    <p class='ocr_par' dir='ltr' id='par_1_1' title="bbox 1241 411 1278 484">
     <span class='ocr_line' id='line_1_1' title="bbox 1241 411 1278 484; baseline 0 0"><span class='ocrx_word' id='word_1_1' title='bbox 1241 411 1278 484; x_wconf 79' lang='lat' dir='ltr'><strong>V</strong></span> 
     </span>
    </p>
   </div>
   <div class='ocr_carea' id='block_1_2' title="bbox 175 625 1346 4158">
    <p class='ocr_par' dir='ltr' id='par_1_2' title="bbox 250 625 1276 1961">
     <span class='ocr_line' id='line_1_2' title="bbox 254 625 1267 725; baseline 0.008 -26"><span class='ocrx_word' id='word_1_2' title='bbox 254 649 353 700; x_wconf 89' lang='lat' dir='ltr'><strong>mum</strong></span> <span class='ocrx_word' id='word_1_3' title='bbox 371 625 515 701; x_wconf 82' lang='lat' dir='ltr'><strong>fabulae</strong></span> <span class='ocrx_word' id='word_1_4' title='bbox 535 626 637 702; x_wconf 88' lang='lat' dir='ltr'><strong>locos</strong></span> <span class='ocrx_word' id='word_1_5' title='bbox 656 627 902 720; x_wconf 71' lang='lat' dir='ltr'><strong>tractabimus,</strong></span> <span class='ocrx_word' id='word_1_6' title='bbox 918 650 1019 725; x_wconf 90' lang='lat' dir='ltr'><strong>quos,</strong></span> <span class='ocrx_word' id='word_1_7' title='bbox 1040 651 1124 704; x_wconf 89' lang='lat' dir='ltr'><strong>cum</strong></span> <span class='ocrx_word' id='word_1_8' title='bbox 1143 627 1186 706; x_wconf 89' lang='lat' dir='ltr'><strong>iis</strong></span> <span class='ocrx_word' id='word_1_9' title='bbox 1204 629 1267 706; x_wconf 90' lang='lat' dir='ltr'><strong>ali·</strong></span> 
     </span>
     <span class='ocr_line' id='line_1_3' title="bbox 253 762 1266 867; baseline 0.005 -30"><span class='ocrx_word' id='word_1_10' title='bbox 253 762 341 860; x_wconf 89' lang='lat' dir='ltr'><strong>quid</strong></span> <span class='ocrx_word' id='word_1_11' title='bbox 383 763 560 838; x_wconf 81' lang='lat' dir='ltr'><strong>excidisse</strong></span> <span class='ocrx_word' id='word_1_12' title='bbox 607 765 809 840; x_wconf 82' lang='lat' dir='ltr'><strong>manifestis</strong></span> <span class='ocrx_word' id='word_1_13' title='bbox 854 763 1034 840; x_wconf 89' lang='lat' dir='ltr'><strong>indicatur</strong></span> <span class='ocrx_word' id='word_1_14' title='bbox 1077 789 1266 867; x_wconf 85' lang='lat' dir='ltr'><strong>argumen-</strong></span> 
     </span>
     <span class='ocr_line' id='line_1_4' title="bbox 254 899 1269 1000; baseline 0.008 -28"><span class='ocrx_word' id='word_1_15' title='bbox 254 901 318 991; x_wconf 86' lang='lat' dir='ltr'><strong>tis,</strong></span> <span class='ocrx_word' id='word_1_16' title='bbox 353 902 563 1000; x_wconf 89' lang='lat' dir='ltr'><strong>conjectura</strong></span> <span class='ocrx_word' id='word_1_17' title='bbox 593 912 735 976; x_wconf 89' lang='lat' dir='ltr'><strong>tentare</strong></span> <span class='ocrx_word' id='word_1_18' title='bbox 765 903 858 977; x_wconf 89' lang='lat' dir='ltr'><strong>licet.</strong></span> <span class='ocrx_word' id='word_1_19' title='bbox 911 899 998 978; x_wconf 79' lang='lat' dir='ltr'><strong>dam</strong></span> <span class='ocrx_word' id='word_1_20' title='bbox 1024 901 1070 978; x_wconf 89' lang='lat' dir='ltr'><strong>de</strong></span> <span class='ocrx_word' id='word_1_21' title='bbox 1096 905 1269 980; x_wconf 83' lang='lat' dir='ltr'><strong>mutatio·</strong></span> 
     </span>
     <span class='ocr_line' id='line_1_5' title="bbox 254 1037 1276 1135; baseline 0.006 -23"><span class='ocrx_word' id='word_1_22' title='bbox 254 1037 371 1133; x_wconf 86' lang='lat' dir='ltr'><strong>nibus,</strong></span> <span class='ocrx_word' id='word_1_23' title='bbox 399 1041 489 1135; x_wconf 83' lang='lat' dir='ltr'><strong>quas</strong></span> <span class='ocrx_word' id='word_1_24' title='bbox 516 1039 585 1113; x_wconf 91' lang='lat' dir='ltr'><strong>viri</strong></span> <span class='ocrx_word' id='word_1_25' title='bbox 614 1038 711 1114; x_wconf 88' lang='lat' dir='ltr'><strong>docti</strong></span> <span class='ocrx_word' id='word_1_26' title='bbox 737 1039 860 1114; x_wconf 87' lang='lat' dir='ltr'><strong>invitis</strong></span> <span class='ocrx_word' id='word_1_27' title='bbox 879 1039 985 1116; x_wconf 92' lang='lat' dir='ltr'><strong>libris</strong></span> <span class='ocrx_word' id='word_1_28' title='bbox 1002 1041 1041 1115; x_wconf 91' lang='lat' dir='ltr'><strong>in</strong></span> <span class='ocrx_word' id='word_1_29' title='bbox 1060 1049 1276 1118; x_wconf 86' lang='lat' dir='ltr'><strong>contextum</strong></span> 
     </span>
     <span class='ocr_line' id='line_1_6' title="bbox 252 1175 1275 1278; baseline 0.006 -29"><span class='ocrx_word' id='word_1_30' title='bbox 252 1185 473 1274; x_wconf 88' lang='lat' dir='ltr'><strong>receperunt,</strong></span> <span class='ocrx_word' id='word_1_31' title='bbox 502 1185 609 1274; x_wconf 88' lang='lat' dir='ltr'><strong>atque</strong></span> <span class='ocrx_word' id='word_1_32' title='bbox 623 1177 669 1252; x_wconf 90' lang='lat' dir='ltr'><strong>de</strong></span> <span class='ocrx_word' id='word_1_33' title='bbox 691 1178 736 1252; x_wconf 88' lang='lat' dir='ltr'><strong>iis</strong></span> <span class='ocrx_word' id='word_1_34' title='bbox 757 1175 977 1253; x_wconf 88' lang='lat' dir='ltr'><strong>lectionibus</strong></span> <span class='ocrx_word' id='word_1_35' title='bbox 997 1177 1275 1278; x_wconf 76' lang='lat' dir='ltr'><strong>disputabimus,</strong></span> 
     </span>
     <span class='ocr_line' id='line_1_7' title="bbox 251 1312 1276 1414; baseline 0.005 -27"><span class='ocrx_word' id='word_1_36' title='bbox 251 1337 343 1411; x_wconf 88' lang='lat' dir='ltr'><strong>quae</strong></span> <span class='ocrx_word' id='word_1_37' title='bbox 369 1313 416 1388; x_wconf 85' lang='lat' dir='ltr'><strong>ab</strong></span> <span class='ocrx_word' id='word_1_38' title='bbox 443 1314 523 1388; x_wconf 90' lang='lat' dir='ltr'><strong>aliis</strong></span> <span class='ocrx_word' id='word_1_39' title='bbox 542 1313 729 1390; x_wconf 84' lang='lat' dir='ltr'><strong>codicibus</strong></span> <span class='ocrx_word' id='word_1_40' title='bbox 747 1314 853 1389; x_wconf 89' lang='lat' dir='ltr'><strong>aliter</strong></span> <span class='ocrx_word' id='word_1_41' title='bbox 870 1312 1102 1406; x_wconf 85' lang='lat' dir='ltr'><strong>exhibentur,</strong></span> <span class='ocrx_word' id='word_1_42' title='bbox 1120 1339 1276 1414; x_wconf 89' lang='lat' dir='ltr'><strong>quarum</strong></span> 
     </span>
     <span class='ocr_line' id='line_1_8' title="bbox 250 1449 1276 1552; baseline 0.004 -28"><span class='ocrx_word' id='word_1_43' title='bbox 250 1473 343 1547; x_wconf 85' lang='lat' dir='ltr'><strong>quae</strong></span> <span class='ocrx_word' id='word_1_44' title='bbox 375 1452 534 1550; x_wconf 76' lang='lat' dir='ltr'><strong>genmna</strong></span> <span class='ocrx_word' id='word_1_45' title='bbox 571 1453 618 1526; x_wconf 89' lang='lat' dir='ltr'><strong>sit</strong></span> <span class='ocrx_word' id='word_1_46' title='bbox 654 1453 778 1548; x_wconf 86' lang='lat' dir='ltr'><strong>quaeri</strong></span> <span class='ocrx_word' id='word_1_47' title='bbox 819 1461 951 1550; x_wconf 84' lang='lat' dir='ltr'><strong>potest.</strong></span> <span class='ocrx_word' id='word_1_48' title='bbox 1011 1449 1178 1552; x_wconf 89' lang='lat' dir='ltr'><strong>Denique</strong></span> <span class='ocrx_word' id='word_1_49' title='bbox 1209 1477 1276 1528; x_wconf 85' lang='lat' dir='ltr'><strong>eos</strong></span> 
     </span>
     <span class='ocr_line' id='line_1_9' title="bbox 251 1587 1275 1686; baseline 0.004 -24"><span class='ocrx_word' id='word_1_50' title='bbox 251 1587 395 1662; x_wconf 81' lang='lat' dir='ltr'><strong>fabulae</strong></span> <span class='ocrx_word' id='word_1_51' title='bbox 427 1611 556 1662; x_wconf 82' lang='lat' dir='ltr'><strong>versus</strong></span> <span class='ocrx_word' id='word_1_52' title='bbox 589 1589 902 1680; x_wconf 84' lang='lat' dir='ltr'><strong>examinabimus,</strong></span> <span class='ocrx_word' id='word_1_53' title='bbox 939 1589 1001 1686; x_wconf 91' lang='lat' dir='ltr'><strong>qui</strong></span> <span class='ocrx_word' id='word_1_54' title='bbox 1032 1589 1123 1665; x_wconf 88' lang='lat' dir='ltr'><strong>viris</strong></span> <span class='ocrx_word' id='word_1_55' title='bbox 1158 1587 1275 1666; x_wconf 83' lang='lat' dir='ltr'><strong>doctis</strong></span> 
     </span>
     <span class='ocr_line' id='line_1_10' title="bbox 254 1722 1273 1823; baseline 0.006 -27"><span class='ocrx_word' id='word_1_56' title='bbox 254 1734 318 1797; x_wconf 92' lang='lat' dir='ltr'><strong>aut</strong></span> <span class='ocrx_word' id='word_1_57' title='bbox 345 1747 391 1797; x_wconf 88' lang='lat' dir='ltr'><strong>ex</strong></span> <span class='ocrx_word' id='word_1_58' title='bbox 417 1725 496 1823; x_wconf 89' lang='lat' dir='ltr'><strong>ipsa</strong></span> <span class='ocrx_word' id='word_1_59' title='bbox 522 1724 717 1816; x_wconf 84' lang='lat' dir='ltr'><strong>Alcestide,</strong></span> <span class='ocrx_word' id='word_1_60' title='bbox 744 1735 808 1798; x_wconf 93' lang='lat' dir='ltr'><strong>aut</strong></span> <span class='ocrx_word' id='word_1_61' title='bbox 834 1750 882 1799; x_wconf 93' lang='lat' dir='ltr'><strong>ex</strong></span> <span class='ocrx_word' id='word_1_62' title='bbox 909 1724 989 1799; x_wconf 90' lang='lat' dir='ltr'><strong>aliis</strong></span> <span class='ocrx_word' id='word_1_63' title='bbox 1014 1723 1150 1802; x_wconf 87' lang='lat' dir='ltr'><strong>fabulis</strong></span> <span class='ocrx_word' id='word_1_64' title='bbox 1168 1722 1273 1802; x_wconf 85' lang='lat' dir='ltr'><strong>Euri·</strong></span> 
     </span>
     <span class='ocr_line' id='line_1_11' title="bbox 250 1861 1272 1961; baseline 0.004 -27"><span class='ocrx_word' id='word_1_65' title='bbox 250 1861 378 1960; x_wconf 88' lang='lat' dir='ltr'><strong>pideis,</strong></span> <span class='ocrx_word' id='word_1_66' title='bbox 392 1871 456 1935; x_wconf 89' lang='lat' dir='ltr'><strong>aut</strong></span> <span class='ocrx_word' id='word_1_67' title='bbox 470 1886 518 1936; x_wconf 90' lang='lat' dir='ltr'><strong>ex</strong></span> <span class='ocrx_word' id='word_1_68' title='bbox 530 1861 665 1937; x_wconf 85' lang='lat' dir='ltr'><strong>librarii</strong></span> <span class='ocrx_word' id='word_1_69' title='bbox 686 1861 839 1938; x_wconf 88' lang='lat' dir='ltr'><strong>arbitrio</strong></span> <span class='ocrx_word' id='word_1_70' title='bbox 855 1861 1068 1961; x_wconf 89' lang='lat' dir='ltr'><strong>interpolati</strong></span> <span class='ocrx_word' id='word_1_71' title='bbox 1083 1863 1153 1938; x_wconf 91' lang='lat' dir='ltr'><strong>visi</strong></span> <span class='ocrx_word' id='word_1_72' title='bbox 1172 1871 1272 1938; x_wconf 87' lang='lat' dir='ltr'><strong>sunt.</strong></span> 
     </span>
    </p>

    <p class='ocr_par' dir='ltr' id='par_1_3' title="bbox 175 1996 1346 2507">
     <span class='ocr_line' id='line_1_12' title="bbox 347 1996 1271 2099; baseline 0.006 -29"><span class='ocrx_word' id='word_1_73' title='bbox 347 1996 417 2072; x_wconf 92' lang='lat' dir='ltr'><strong>His</strong></span> <span class='ocrx_word' id='word_1_74' title='bbox 436 1998 713 2096; x_wconf 86' lang='lat' dir='ltr'><strong>quaestionibus</strong></span> <span class='ocrx_word' id='word_1_75' title='bbox 732 1997 949 2097; x_wconf 85' lang='lat' dir='ltr'><strong>adjiciemus</strong></span> <span class='ocrx_word' id='word_1_76' title='bbox 974 1999 1187 2099; x_wconf 87' lang='lat' dir='ltr'><strong>opinionem</strong></span> <span class='ocrx_word' id='word_1_77' title='bbox 1206 2025 1271 2076; x_wconf 92' lang='lat' dir='ltr'><strong>no-</strong></span> 
     </span>
     <span class='ocr_line' id='line_1_13' title="bbox 249 2133 1273 2233; baseline 0.003 -24"><span class='ocrx_word' id='word_1_78' title='bbox 249 2144 361 2210; x_wconf 88' lang='lat' dir='ltr'><strong>stram</strong></span> <span class='ocrx_word' id='word_1_79' title='bbox 394 2135 438 2210; x_wconf 92' lang='lat' dir='ltr'><strong>de</strong></span> <span class='ocrx_word' id='word_1_80' title='bbox 465 2137 627 2211; x_wconf 90' lang='lat' dir='ltr'><strong>virorum</strong></span> <span class='ocrx_word' id='word_1_81' title='bbox 653 2135 847 2210; x_wconf 87' lang='lat' dir='ltr'><strong>doctorum</strong></span> <span class='ocrx_word' id='word_1_82' title='bbox 873 2133 1158 2233; x_wconf 86' lang='lat' dir='ltr'><strong>suspicionibus,</strong></span> <span class='ocrx_word' id='word_1_83' title='bbox 1184 2161 1273 2212; x_wconf 91' lang='lat' dir='ltr'><strong>non·</strong></span> 
     </span>
     <span class='ocr_line' id='line_1_14' title="bbox 175 2271 1346 2365; baseline 0.009 -21"><span class='ocrx_word' id='word_1_84' title='bbox 175 2313 180 2316; x_wconf 97' lang='lat'>-</span> <span class='ocrx_word' id='word_1_85' title='bbox 250 2272 360 2346; x_wconf 92' lang='lat' dir='ltr'><strong>nullis</strong></span> <span class='ocrx_word' id='word_1_86' title='bbox 390 2271 536 2348; x_wconf 81' lang='lat' dir='ltr'><strong>tabulae</strong></span> <span class='ocrx_word' id='word_1_87' title='bbox 564 2274 655 2348; x_wconf 89' lang='lat' dir='ltr'><strong>locis</strong></span> <span class='ocrx_word' id='word_1_88' title='bbox 681 2283 746 2348; x_wconf 90' lang='lat' dir='ltr'><strong>aut</strong></span> <span class='ocrx_word' id='word_1_89' title='bbox 771 2282 876 2348; x_wconf 87' lang='lat' dir='ltr'><strong>totos</strong></span> <span class='ocrx_word' id='word_1_90' title='bbox 902 2296 1051 2365; x_wconf 88' lang='lat' dir='ltr'><strong>versus,</strong></span> <span class='ocrx_word' id='word_1_91' title='bbox 1083 2283 1149 2348; x_wconf 90' lang='lat' dir='ltr'><strong>aut</strong></span> <span class='ocrx_word' id='word_1_92' title='bbox 1174 2283 1273 2350; x_wconf 86' lang='lat' dir='ltr'><strong>certe</strong></span> <span class='ocrx_word' id='word_1_93' title='bbox 1344 2351 1346 2354; x_wconf 83' lang='lat'>.</span> 
     </span>
     <span class='ocr_line' id='line_1_15' title="bbox 252 2409 1137 2507; baseline 0.002 -25"><span class='ocrx_word' id='word_1_94' title='bbox 252 2410 458 2507; x_wconf 81' lang='lat' dir='ltr'><strong>complures</strong></span> <span class='ocrx_word' id='word_1_95' title='bbox 483 2435 592 2486; x_wconf 87' lang='lat' dir='ltr'><strong>voces</strong></span> <span class='ocrx_word' id='word_1_96' title='bbox 619 2409 799 2486; x_wconf 82' lang='lat' dir='ltr'><strong>excidisse</strong></span> <span class='ocrx_word' id='word_1_97' title='bbox 826 2409 1137 2486; x_wconf 87' lang='lat' dir='ltr'><strong>contendentium.</strong></span> 
     </span>
    </p>

    <p class='ocr_par' dir='ltr' id='par_1_4' title="bbox 248 2545 1271 4158">
     <span class='ocr_line' id='line_1_16' title="bbox 351 2545 1269 2646; baseline 0.002 -25"><span class='ocrx_word' id='word_1_98' title='bbox 351 2545 451 2622; x_wconf 89' lang='lat' dir='ltr'><strong>Haec</strong></span> <span class='ocrx_word' id='word_1_99' title='bbox 481 2549 557 2624; x_wconf 86' lang='lat' dir='ltr'><strong>fere</strong></span> <span class='ocrx_word' id='word_1_100' title='bbox 590 2561 692 2640; x_wconf 89' lang='lat' dir='ltr'><strong>sunt,</strong></span> <span class='ocrx_word' id='word_1_101' title='bbox 726 2571 821 2646; x_wconf 91' lang='lat' dir='ltr'><strong>quae</strong></span> <span class='ocrx_word' id='word_1_102' title='bbox 853 2545 1046 2622; x_wconf 87' lang='lat' dir='ltr'><strong>tractanda</strong></span> <span class='ocrx_word' id='word_1_103' title='bbox 1072 2556 1180 2644; x_wconf 86' lang='lat' dir='ltr'><strong>atque</strong></span> <span class='ocrx_word' id='word_1_104' title='bbox 1206 2572 1269 2623; x_wconf 89' lang='lat' dir='ltr'><strong>ex·</strong></span> 
     </span>
     <span class='ocr_line' id='line_1_17' title="bbox 249 2681 1271 2786; baseline 0 -28"><span class='ocrx_word' id='word_1_105' title='bbox 249 2683 431 2786; x_wconf 88' lang='lat' dir='ltr'><strong>plananda</strong></span> <span class='ocrx_word' id='word_1_106' title='bbox 457 2685 563 2762; x_wconf 84' lang='lat' dir='ltr'><strong>nobis</strong></span> <span class='ocrx_word' id='word_1_107' title='bbox 590 2686 861 2785; x_wconf 89' lang='lat' dir='ltr'><strong>proposuimus.</strong></span> <span class='ocrx_word' id='word_1_108' title='bbox 905 2683 947 2759; x_wconf 92' lang='lat' dir='ltr'><strong>In</strong></span> <span class='ocrx_word' id='word_1_109' title='bbox 974 2708 1045 2782; x_wconf 92' lang='lat' dir='ltr'><strong>quo</strong></span> <span class='ocrx_word' id='word_1_110' title='bbox 1065 2681 1271 2776; x_wconf 86' lang='lat' dir='ltr'><strong>Alcestidis,</strong></span> 
     </span>
     <span class='ocr_line' id='line_1_18' title="bbox 249 2805 1271 2922; baseline 0 -25"><span class='ocrx_word' id='word_1_111' title='bbox 249 2831 426 2920; x_wconf 89' lang='lat' dir='ltr'><strong>quantum</strong></span> <span class='ocrx_word' id='word_1_112' title='bbox 457 2822 494 2896; x_wconf 90' lang='lat' dir='ltr'><strong>id</strong></span> <span class='ocrx_word' id='word_1_113' title='bbox 527 2820 674 2919; x_wconf 89' lang='lat' dir='ltr'><strong>quidem</strong></span> <span class='ocrx_word' id='word_1_114' title='bbox 704 2847 771 2922; x_wconf 92' lang='lat' dir='ltr'><strong>pro</strong></span> <span class='ocrx_word' id='word_1_115' title='bbox 800 2820 1004 2898; x_wconf 87' lang='lat' dir='ltr'><strong>eruditione</strong></span> <span class='ocrx_word' id='word_1_116' title='bbox 1036 2829 1165 2898; x_wconf 89' lang='lat' dir='ltr'><strong>nostra</strong></span> <span class='ocrx_word' id='word_1_117' title='bbox 1190 2805 1271 2897; x_wconf 85' lang='lat' dir='ltr'><strong>lieri</strong></span> 
     </span>
     <span class='ocr_line' id='line_1_19' title="bbox 249 2959 1269 3060; baseline 0.001 -27"><span class='ocrx_word' id='word_1_118' title='bbox 249 2968 382 3059; x_wconf 88' lang='lat' dir='ltr'><strong>potest,</strong></span> <span class='ocrx_word' id='word_1_119' title='bbox 409 2959 657 3036; x_wconf 88' lang='lat' dir='ltr'><strong>emendandae</strong></span> <span class='ocrx_word' id='word_1_120' title='bbox 684 2961 832 3060; x_wconf 85' lang='lat' dir='ltr'><strong>negotio</strong></span> <span class='ocrx_word' id='word_1_121' title='bbox 860 2983 1059 3056; x_wconf 88' lang='lat' dir='ltr'><strong>paucorum</strong></span> <span class='ocrx_word' id='word_1_122' title='bbox 1081 2968 1269 3058; x_wconf 85' lang='lat' dir='ltr'><strong>praestan·</strong></span> 
     </span>
     <span class='ocr_line' id='line_1_20' title="bbox 250 3094 1271 3194; baseline 0.002 -23"><span class='ocrx_word' id='word_1_123' title='bbox 250 3097 472 3172; x_wconf 91' lang='lat' dir='ltr'><strong>tissimorum</strong></span> <span class='ocrx_word' id='word_1_124' title='bbox 499 3121 609 3194; x_wconf 84' lang='lat' dir='ltr'><strong>quam</strong></span> <span class='ocrx_word' id='word_1_125' title='bbox 635 3097 835 3177; x_wconf 87' lang='lat' dir='ltr'><strong>multorum</strong></span> <span class='ocrx_word' id='word_1_126' title='bbox 862 3095 1084 3171; x_wconf 88' lang='lat' dir='ltr'><strong>deteriorum</strong></span> <span class='ocrx_word' id='word_1_127' title='bbox 1103 3094 1271 3173; x_wconf 89' lang='lat' dir='ltr'><strong>codicum</strong></span> 
     </span>
     <span class='ocr_line' id='line_1_21' title="bbox 251 3230 1270 3336; baseline 0.003 -29"><span class='ocrx_word' id='word_1_128' title='bbox 251 3235 505 3310; x_wconf 86' lang='lat' dir='ltr'><strong>auctoritatem</strong></span> <span class='ocrx_word' id='word_1_129' title='bbox 531 3236 702 3336; x_wconf 89' lang='lat' dir='ltr'><strong>amplecti</strong></span> <span class='ocrx_word' id='word_1_130' title='bbox 723 3233 929 3311; x_wconf 90' lang='lat' dir='ltr'><strong>maluimus.</strong></span> <span class='ocrx_word' id='word_1_131' title='bbox 973 3230 1053 3307; x_wconf 91' lang='lat' dir='ltr'><strong>Hos</strong></span> <span class='ocrx_word' id='word_1_132' title='bbox 1071 3257 1270 3332; x_wconf 88' lang='lat' dir='ltr'><strong>numquam</strong></span> 
     </span>
     <span class='ocr_line' id='line_1_22' title="bbox 250 3367 1269 3468; baseline 0 -22"><span class='ocrx_word' id='word_1_133' title='bbox 250 3373 365 3447; x_wconf 86' lang='lat' dir='ltr'><strong>secuti</strong></span> <span class='ocrx_word' id='word_1_134' title='bbox 399 3397 545 3465; x_wconf 79' lang='lat' dir='ltr'><strong>sumus,</strong></span> <span class='ocrx_word' id='word_1_135' title='bbox 578 3375 649 3448; x_wconf 91' lang='lat' dir='ltr'><strong>nisi</strong></span> <span class='ocrx_word' id='word_1_136' title='bbox 682 3373 714 3448; x_wconf 91' lang='lat' dir='ltr'><strong>si</strong></span> <span class='ocrx_word' id='word_1_137' title='bbox 744 3373 798 3448; x_wconf 93' lang='lat' dir='ltr'><strong>illi</strong></span> <span class='ocrx_word' id='word_1_138' title='bbox 831 3371 932 3463; x_wconf 89' lang='lat' dir='ltr'><strong>libri,</strong></span> <span class='ocrx_word' id='word_1_139' title='bbox 960 3367 1060 3468; x_wconf 90' lang='lat' dir='ltr'><strong>quod</strong></span> <span class='ocrx_word' id='word_1_140' title='bbox 1086 3371 1269 3448; x_wconf 88' lang='lat' dir='ltr'><strong>interdum</strong></span> 
     </span>
     <span class='ocr_line' id='line_1_23' title="bbox 249 3507 1269 3618; baseline 0.001 -36"><span class='ocrx_word' id='word_1_141' title='bbox 249 3509 329 3618; x_wconf 86' lang='lat' dir='ltr'><strong>fieri</strong></span> <span class='ocrx_word' id='word_1_142' title='bbox 363 3512 476 3603; x_wconf 89' lang='lat' dir='ltr'><strong>solet,</strong></span> <span class='ocrx_word' id='word_1_143' title='bbox 513 3519 576 3584; x_wconf 87' lang='lat' dir='ltr'><strong>aut</strong></span> <span class='ocrx_word' id='word_1_144' title='bbox 610 3507 803 3585; x_wconf 86' lang='lat' dir='ltr'><strong>manifesto</strong></span> <span class='ocrx_word' id='word_1_145' title='bbox 836 3516 1048 3608; x_wconf 89' lang='lat' dir='ltr'><strong>corruptam</strong></span> <span class='ocrx_word' id='word_1_146' title='bbox 1074 3508 1269 3584; x_wconf 88' lang='lat' dir='ltr'><strong>lectionem</strong></span> 
     </span>
     <span class='ocr_line' id='line_1_24' title="bbox 250 3644 1268 3742; baseline -0.003 -20"><span class='ocrx_word' id='word_1_147' title='bbox 250 3647 435 3742; x_wconf 88' lang='lat' dir='ltr'><strong>exhibent,</strong></span> <span class='ocrx_word' id='word_1_148' title='bbox 463 3647 663 3723; x_wconf 86' lang='lat' dir='ltr'><strong>autetiam</strong></span> <span class='ocrx_word' id='word_1_149' title='bbox 689 3648 859 3724; x_wconf 89' lang='lat' dir='ltr'><strong>lacunam</strong></span> <span class='ocrx_word' id='word_1_150' title='bbox 885 3644 1060 3722; x_wconf 88' lang='lat' dir='ltr'><strong>indicant.</strong></span> <span class='ocrx_word' id='word_1_151' title='bbox 1105 3644 1154 3721; x_wconf 89' lang='lat' dir='ltr'><strong>Iis</strong></span> <span class='ocrx_word' id='word_1_152' title='bbox 1180 3668 1268 3720; x_wconf 90' lang='lat' dir='ltr'><strong>vero</strong></span> 
     </span>
     <span class='ocr_line' id='line_1_25' title="bbox 248 3783 1267 3882; baseline -0.001 -24"><span class='ocrx_word' id='word_1_153' title='bbox 248 3785 350 3877; x_wconf 88' lang='lat' dir='ltr'><strong>locis,</strong></span> <span class='ocrx_word' id='word_1_154' title='bbox 378 3785 511 3882; x_wconf 89' lang='lat' dir='ltr'><strong>quibus</strong></span> <span class='ocrx_word' id='word_1_155' title='bbox 538 3783 683 3859; x_wconf 86' lang='lat' dir='ltr'><strong>codices</strong></span> <span class='ocrx_word' id='word_1_156' title='bbox 710 3807 772 3859; x_wconf 83' lang='lat' dir='ltr'><strong>ens</strong></span> <span class='ocrx_word' id='word_1_157' title='bbox 797 3783 975 3860; x_wconf 89' lang='lat' dir='ltr'><strong>lectiones</strong></span> <span class='ocrx_word' id='word_1_158' title='bbox 994 3791 1152 3873; x_wconf 88' lang='lat' dir='ltr'><strong>tuentur,</strong></span> <span class='ocrx_word' id='word_1_159' title='bbox 1179 3805 1267 3880; x_wconf 83' lang='lat' dir='ltr'><strong>qua-</strong></span> 
     </span>
     <span class='ocr_line' id='line_1_26' title="bbox 249 3920 1268 4023; baseline -0.002 -25"><span class='ocrx_word' id='word_1_160' title='bbox 249 3947 331 3998; x_wconf 89' lang='lat' dir='ltr'><strong>rum</strong></span> <span class='ocrx_word' id='word_1_161' title='bbox 358 3923 496 3998; x_wconf 88' lang='lat' dir='ltr'><strong>nullam</strong></span> <span class='ocrx_word' id='word_1_162' title='bbox 523 3949 545 3997; x_wconf 90' lang='lat' dir='ltr'><strong>a</strong></span> <span class='ocrx_word' id='word_1_163' title='bbox 562 3932 670 4023; x_wconf 90' lang='lat' dir='ltr'><strong>poeta</strong></span> <span class='ocrx_word' id='word_1_164' title='bbox 686 3924 889 4022; x_wconf 81' lang='lat' dir='ltr'><strong>profectam</strong></span> <span class='ocrx_word' id='word_1_165' title='bbox 908 3947 989 3997; x_wconf 90' lang='lat' dir='ltr'><strong>esse</strong></span> <span class='ocrx_word' id='word_1_166' title='bbox 1008 3920 1164 3996; x_wconf 88' lang='lat' dir='ltr'><strong>libenter</strong></span> <span class='ocrx_word' id='word_1_167' title='bbox 1181 3944 1268 4001; x_wconf 85' lang='lat' dir='ltr'><strong>con·</strong></span> 
     </span>
     <span class='ocr_line' id='line_1_27' title="bbox 250 4057 1267 4158; baseline -0.003 -23"><span class='ocrx_word' id='word_1_168' title='bbox 250 4059 369 4154; x_wconf 85' lang='lat' dir='ltr'><strong>cedas,</strong></span> <span class='ocrx_word' id='word_1_169' title='bbox 398 4085 577 4143; x_wconf 83' lang='lat' dir='ltr'><strong>summam</strong></span> <span class='ocrx_word' id='word_1_170' title='bbox 604 4060 809 4142; x_wconf 85' lang='lat' dir='ltr'><strong>cautionem</strong></span> <span class='ocrx_word' id='word_1_171' title='bbox 835 4057 1077 4142; x_wconf 87' lang='lat' dir='ltr'><strong>adhibendam</strong></span> <span class='ocrx_word' id='word_1_172' title='bbox 1105 4079 1185 4138; x_wconf 82' lang='lat' dir='ltr'><strong>ease</strong></span> <span class='ocrx_word' id='word_1_173' title='bbox 1202 4079 1267 4158; x_wconf 91' lang='lat' dir='ltr'><strong>pu·</strong></span> 
     </span>
    </p>
   </div>
   <div class='ocr_carea' id='block_1_3' title="bbox 0 0 1486 4678">
    <p class='ocr_par' dir='ltr' id='par_1_5' title="bbox 0 0 1486 4678">
     <span class='ocr_line' id='line_1_28' title="bbox 0 0 1486 4678; baseline 0 1"><span class='ocrx_word' id='word_1_174' title='bbox 0 0 1486 4678; x_wconf 95' lang='lat' dir='ltr'><strong> </strong></span> 
     </span>
    </p>
   </div>
  </div>
 </body>
</html>
