2964 4678
652 1335 844 1441 vrrn.
912 1291 922 1370 ⁷
1046 1397 1049 1404 -

239 1680 446 1782 VledisIeus
467 1714 508 1779 de
530 1712 740 1778 Kolenowski
763 1723 857 1778 natus
878 1737 949 1778 sum
970 1714 1150 1788 Posnsniee
1171 1735 1255 1780 enno

239 1844 270 1909 h.
292 1868 316 1909 s.
344 1842 503 1910 tricesimo
532 1841 673 1907 secundo
704 1840 757 1906 die
778 1840 880 1906 XIII.
911 1843 1027 1907 mensis
1058 1839 1256 1925 Septembris

239 1975 329 2048 petre
340 1961 511 2038 Stenisleo‚
528 1957 600 2026 civi
615 1959 835 2036 PosnenIensi
850 1973 952 2025 metro
966 1973 1072 2027 sutem
1085 1961 1257 2026 Merionne

238 2097 257 2147 'e
279 2093 374 2166 gente
396 2079 617 2163 Steszewske‚
648 2099 728 2162 quos
750 2090 853 2145 morte
875 2101 977 2164 nuper
999 2093 1124 2164 ereptos
1146 2079 1256 2142 admo-

239 2201 316 2264 dum
331 2200 437 2284 lugeo,
461 2197 673 2282 addictusque
689 2221 757 2261 sum
773 2197 846 2264 fidei
863 2199 1047 2264 catholicae.
1081 2199 1256 2282 Postquam

240 2316 343 2402 prime
364 2317 526 2383 literarum
550 2317 705 2384 elementa
726 2318 759 2382 in
776 2315 870 2382 domo
895 2329 1028 2404 paterne
1044 2317 1150 2394 didici,
1174 2340 1258 2383 enno

240 2437 351 2503 eetutis
373 2447 485 2503 octavo
506 2459 526 2502 s
547 2438 740 2505 Parentibus
769 2437 896 2524 optimis
926 2438 1094 2502 carissimis
1117 2437 1258 2521 discipli·

239 2578 299 2622 nse
327 2556 500 2642 gymnasii,
530 2558 617 2643 quod
648 2559 752 2644 patric
780 2558 813 2622 in
843 2557 922 2623 urbe
950 2557 1083 2623 florebat
1114 2569 1182 2622 tum
1204 2556 1256 2620 III.

237 2673 315 2742 Stoo
328 2675 507 2754 Direotore‚
530 2677 666 2744 traditus
681 2700 761 2744 sum.
795 2677 916 2743 Decem
934 2677 1000 2743 fere
1015 2699 1115 2742 annos
1130 2675 1258 2742 scholae

236 2792 332 2877 hujus
353 2794 503 2860 alumnus
525 2795 582 2870 fui,
605 2795 774 2880 disciplina
795 2795 989 2879 optimorum
1012 2809 1042 2858 et
1060 2793 1256 2858 doctissimo-

236 2934 308 2978 rum
330 2925 575 2998 praeceptorum
602 2935 695 2987 usus,
725 2935 805 2998 quos
834 2916 889 3000 pie
918 2925 1074 2998 grataque
1103 2911 1257 2978 memoria

237 3052 414 3116 prosequor
436 3052 555 3098 omnes.
579 3031 699 3097 Postea
722 3054 797 3097 vero
820 3035 1022 3116 gymnasium
1038 3030 1257 3108 Ostroviense,

237 3149 324 3234 quod
353 3159 421 3214 tum
452 3148 503 3213 111.
547 3149 679 3236 Engero
708 3149 889 3215 laetabatur
912 3151 1081 3216 Directore
1110 3161 1141 3214 et
1171 3169 1257 3214 nunc

236 3290 365 3354 quoque
386 3268 488 3348 floret,
511 3290 569 3353 per
591 3269 776 3356 quindecim
798 3291 921 3336 menses
944 3270 1153 3354 frequentavi.
1185 3272 1256 3338 Iam

239 3401 316 3454 tunc
336 3387 496 3472 ingenuus
518 3387 651 3472 quidem
672 3389 838 3456 literarum
861 3391 1064 3474 antiquarum
1081 3411 1170 3453 emor
1186 3401 1256 3453 ten·

236 3521 304 3575 tum
326 3507 518 3593 praevoluit,
541 3519 577 3573 ut
598 3508 631 3572 in
647 3509 685 3574 iis
699 3530 831 3594 operum
847 3507 1004 3575 collocare
1020 3509 1254 3575 constituerem.

235 3629 332 3694 Heno
353 3627 454 3712 igitur
475 3628 517 3692 ob
540 3648 683 3702 censum,
707 3641 743 3692 ut
764 3628 797 3691 in
819 3627 927 3693 literas
949 3627 1006 3692 has
1029 3627 1257 3704 incumberem,

236 3747 415 3812 testimonio
444 3745 634 3811 maturitatis
660 3746 850 3820 instructus,
882 3767 990 3810 mense
1014 3743 1157 3810 Octobre
1180 3749 1253 3810 anni

236 3865 265 3930 h.
288 3888 312 3930 s.
334 3863 383 3932 LI
402 3864 635 3938 ,Vretisloviam
665 3886 716 3930 me
745 3863 865 3929 contuli
893 3862 1003 3947 ibique
1029 3862 1062 3926 in
1085 3885 1253 3930 numerum

236 3982 367 4050 Civium
389 3986 655 4052 Academicorum
678 4006 735 4067 per
754 3983 922 4048 Rectorem
944 3980 1154 4065 Magnificum
1180 3981 1256 4048 Bal·

236 4115 304 4177 tzer
325 4112 489 4194 receptus,
511 4125 625 4173 nomen
648 4101 735 4194 apud
758 4101 812 4171 Ill.
842 4098 999 4179 Stenzler,
1020 4097 1156 4172 Ordinis
1178 4099 1255 4172 Phi-
