2964 4678
734 381 825 504 ιο

247 657 302 714 eut
322 648 475 715 lacunosa
497 669 565 714 esse
593 649 752 715 doeemur.
801 647 930 716 Veteres
953 649 1108 719 editiones
1129 661 1160 720 et
1181 651 1257 718 Mu-

246 771 340 818 snrus
365 749 455 840 libris
476 749 582 816 invitis
604 750 774 838 πρόσονπον
797 749 874 816 ἄντα
896 752 1077 842 λυπηρόν
1100 754 1258 831 exhibent,

246 873 311 939 qua
339 863 520 920 oorreotura
551 853 668 919 vulnus
700 855 805 920 versui
837 855 991 921 indictum
1024 877 1088 922 non
1120 869 1258 924 sanatur.

246 956 322 1023 dam
345 953 553 1039 Musgravius
575 955 744 1042 pessimam
757 955 834 1024 huie
856 959 926 1024 loeo
941 957 1098 1026 medelam
1114 957 1259 1026 adhibuit

247 1057 388 1123 seribens
402 1057 574 1144 πρόσωπόν
589 1057 659 1123 τιν’
681 1057 758 1124 ἄντα
773 1060 900 1146 λυπρόν,
922 1067 1006 1143 quae
1021 1061 1150 1146 quidem
1164 1059 1259 1130 leotio

247 1181 357 1226 versus
379 1159 531 1246 strophioi
554 1171 584 1225 et
607 1159 830 1244 antistrophioi
851 1171 987 1225 metrum
1007 1163 1174 1245 aequavit,
1204 1163 1259 1230 sed

247 1282 374 1328 sensum
397 1261 591 1347 depravavit.
634 1258 763 1326 Deinde
777 1259 984 1326 Hermannus
1006 1281 1063 1346 pro
1086 1261 1163 1326 dara
1185 1282 1259 1328 oon·

243 1361 367 1448 jsoitp'
396 1361 516 1438 ἔναντα,
539 1361 626 1445 quod
647 1362 703 1427 vix
725 1361 821 1427 alioui
836 1359 982 1446 placebit.
1011 1361 1103 1428 Idem
1118 1363 1168 1428 vir
1182 1363 1258 1429 doo-

67 1445 69 1448 ⁵
123 1492 127 1498 ·
248 1463 387 1530 tissimus
409 1463 471 1529 alio
494 1473 636 1549 tempore
652 1485 764 1530 vocem
786 1465 904 1553 λυπρὸν
925 1485 991 1530 non
1006 1463 1179 1548 genuinam
1193 1485 1261 1532 esse

248 1564 400 1650 putabat,
427 1585 524 1649 quem
550 1575 676 1631 seoutus
698 1563 888 1632 Dindorfius
909 1565 1004 1632 simul
1026 1564 1103 1630 ἄντα
1124 1565 1260 1652 proseri-

248 1665 389 1733 bsndum
411 1669 488 1750 [esse
517 1687 582 1733 non
603 1677 689 1734 reete
711 1667 843 1735 censuit.
887 1667 1022 1735 Bothius
1045 1667 1183 1754 denique
1204 1689 1260 1734 vo·

249 1769 436 1836 cabalorum
451 1768 528 1835 ἅντο
544 1781 575 1838 et
590 1771 739 1860 λυπηρὸν,
761 1791 803 1838 ne
820 1781 956 1838 metrum
971 1771 1128 1849 turbetur,
1151 1768 1262 1837 ordine

249 1881 442 1938 commutato
464 1873 551 1939 idem
571 1882 667 1950 tenet,
690 1885 786 1959 atque
806 1883 929 1940 veteres
951 1871 1113 1940 editiones.

333 1973 495 2060 Equidem
524 1975 680 2041 librorum
710 1973 878 2040 lectionem
907 1975 1079 2058 genuinam
1101 1994 1169 2042 esse
1190 1995 1261 2062 per-

182 2111 185 2117 ·
249 2095 377 2142 suasum
398 2075 512 2152 babeo,
534 2075 591 2140 sed
612 2075 695 2141 inter
716 2093 809 2141 voees
823 2074 995 2164 πρόσωπον
1010 2085 1041 2144 et
1055 2073 1262 2144 davalacum

249 2177 426 2242 statuenda·
440 2185 497 2254 est,
520 2196 617 2260 quarn
639 2196 713 2242 eum
734 2175 920 2262 Hartungio
940 2179 1129 2264 interposito
1143 2200 1259 2265 prono·

249 2279 334 2344 mine
362 2277 618 2364 o’expieverim.
662 2277 716 2345 Sia
745 2290 776 2345 et
803 2290 941 2346 metrum
962 2279 1044 2348 bene
1065 2281 1210 2368 procedit
1231 2291 1263 2347 et

250 2399 359 2448 sensus
380 2380 526 2447 redditur
548 2379 697 2466 optimus.

401 2505 430 2550 v.
453 2482 524 2550 975.
551 2483 618 2548 οὐδ’
641 2483 702 2548 ὅσα
725 2483 846 2567 Φοῖβος
859 2483 895 2550 Ἀ
918 2521 958 2533 -
1093 2495 1095 2504 “

342 2574 345 2582 ’
551 2587 757 2675 σκληπιάθαις
775 2585 943 2674 παρέδωκε

552 2689 705 2775 φάρμακα
726 2688 914 2769 πολυπόνοις

553 2789 720 2874 uaesano
742 2788 914 2875 βροτοῖσιν.

337 2887 390 2956 Sia
422 2890 505 2955 libri.
559 2889 659 2954 Haud
692 2889 776 2955 male
806 2887 1030 2966 Hermannus,
1064 2889 1263 2968 Dindorfins,

253 2992 431 3078 Pfiugkius,
460 2990 623 3057 Nauokius
652 3014 670 3058 e
698 2991 881 3073 oonjeotura
910 2991 1061 3058 exhibent
1090 2989 1199 3071 ἔδωκε,
1229 3003 1265 3058 ut

253 3117 363 3163 versus
385 3093 545 3161 secundus
563 3093 796 3178 antistrophioo
810 3091 875 3160 sat
952 3094 1018 3168 ζεις
1038 3095 1077 3159 od
1098 3095 1156 3184 βίᾳ
1177 3095 1264 3160 olda·

251 3223 311 3286 pon
334 3196 567 3264 accuratissime
587 3195 786 3282 respondeat.

253 3325 285 3367 v.
305 3301 375 3371 994.
397 3301 448 3370 καὶ
469 3297 555 3366 θεῶν
578 3296 693 3364 orbator
714 3295 902 3385 φθινύθουσι
1160 3313 1163 3322 ’

397 3401 509 3476 παῖδες
529 3401 562 3468 ἐν
582 3399 723 3487 θανάτῳ.
743 3399 821 3487 φίλα
838 3399 898 3486 μὲν
920 3400 965 3464 ὅτ’
986 3398 1024 3489 ἦν
1043 3398 1116 3486 μεθ’
1138 3403 1236 3491 ἡμῶν,

397 3504 472 3592 φίλα
494 3505 531 3569 δὲ
551 3504 694 3570 θανοῦσα
716 3501 810 3568 ἔσται.

340 3605 474 3674 Bothins
496 3617 527 3673 et
548 3605 713 3674 Nauokius
732 3605 880 3672 omnibus
901 3604 992 3672 libris
1014 3616 1140 3691 praeter
1160 3605 1195 3668 B
1215 3603 1264 3668 in-

256 3710 328 3777 vitis
353 3707 436 3776 male
462 3719 600 3776 tuentur.
614 3705 776 3795 φθίνονοι,
800 3728 879 3789 Κοιιον
907 3727 984 3773 vera
1013 3705 1084 3770 vitii
1113 3704 1204 3773 sedes
1232 3707 1266 3772 in

227 3838 231 3848 *
257 3811 456 3898 endstropba
475 3810 581 3897 potius
602 3833 633 3876 v.
659 3800 739 3876 1003
760 3809 812 3874 καί
829 3831 878 3884 τις
898 3807 1028 3899 δοχμίαν
1049 3803 1208 3894 κέλευθον,
1230 3820 1267 3874 ut

256 3937 315 3984 nos
336 3913 492 3982 sententia
512 3913 558 3978 ibi
579 3913 685 3978 minos
705 3924 782 3997 apta
799 3921 919 3988 monet,
941 3909 1126 3994 quaerenda
1145 3911 1195 3978 sit.

341 4014 406 4083 Sed
436 4033 545 4082 versus
573 4031 614 4080 ex
642 4013 691 4078 bis
720 4032 802 4097 quos
830 4010 1030 4098 protulimus.
1044 4012 1156 4077 tertius
1176 4006 1290 4076 tonte

258 4119 404 4188 eodioum
433 4115 647 4202 diserepantifa
668 4113 851 4192 exhibetur,
879 4127 916 4178 ut
937 4133 1020 4196 qnae
1041 4113 1181 4199 genuina
1203 4115 1266 4180 sint
