2964 4678
772 400 814 473 36

282 642 313 704 v,
327 616 493 712 ,totilla
516 620 609 698 ξένοι,
634 619 775 710 Φεραίοις
795 620 892 708 τῆσδε
914 624 1051 710 κωμῆται
1069 619 1200 711 χθονός,

513 718 668 812 ’Ἄδμητον
692 723 724 788 ἐν
748 723 886 809 δόμοισιν
910 721 974 810 ἄρα
996 724 1130 812 κιχάνω;

368 823 588 893 Kirahhoffius
612 836 642 892 et
666 824 828 890 Nauckius
852 847 910 910 pro
933 823 1089 891 librorum
1112 829 1230 914 κιχάνω
1246 848 1300 893 ex-

172 941 181 968 *
284 925 397 992 hibent
419 927 562 1016 κιγχάνω.
608 925 675 994 Sed
698 950 767 994 eam
791 938 1004 993 correcturum
1020 938 1154 994 metrum
1169 928 1300 994 hicnon

285 1027 454 1108 desiderat,
478 1051 550 1094 cum
571 1029 605 1094 in
627 1051 664 1095 eo
686 1030 785 1098 verbo
807 1030 899 1094 litere
921 1054 931 1092 ι
953 1029 1040 1114 apud
1063 1030 1189 1095 Atticos
1203 1030 1303 1114 longe

285 1129 335 1194 sit.
376 1129 473 1200 Alius
495 1141 542 1198 est
563 1151 639 1196 sene
661 1129 795 1196 Homeri
817 1129 985 1212 usue‚.qui
1008 1154 1017 1190 ι
1039 1129 1091 1194 hic
1113 1132 1256 1215 corripit,
1281 1156 1307 1216 ωΙ

285 1241 392 1296 antem
419 1233 575 1317 producit.
626 1227 776 1295 Ceterum
806 1230 926 1294 formae
954 1229 1071 1316 κιχάνω
1102 1241 1133 1294 et
1163 1233 1300 1318 κιχχάνω

285 1354 304 1396 a
334 1334 463 1416 tragicis
493 1331 675 1418 promiscue
704 1331 1018 1416 usurpabantnr³⁴)‚
1042 1343 1239 1416 quapropter
1261 1332 1300 1394 li-

286 1435 417 1498 brorum
439 1433 534 1499 lectio
557 1433 695 1500 tenenda
718 1443 772 1498 est.

283 1555 314 1599 v.
337 1534 410 1601 542.
434 1533 496 1599 ΗΡ.
519 1533 549 1614 ἆ,
568 1537 613 1624 μὴ
635 1535 777 1624 aporia?
800 1528 922 1598 ἄκοιτιν·
945 1533 994 1608 εἷς
1013 1533 1076 1598 rto’
1098 1532 1269 1616 ἀναβαλοῦ.

323 1633 327 1640 ⁴
428 1637 490 1704 ΑΔ.
513 1636 639 1728 τέθνηχ’
662 1623 824 1723 ὂχιέλλων
853 1635 970 1701 κούκέτ’
997 1634 1065 1700 ἔσθ’
1087 1637 1104 1699 ὁ
1128 1635 1300 1700 κατθανών.

369 1737 426 1806 Sic
455 1741 566 1826 optimi
597 1741 723 1806 codices
747 1737 806 1806 BC
827 1739 913 1806 huno
941 1739 1048 1824 locum
1071 1739 1238 1816 exhibent3
1268 1739 1302 1802 in

284 1839 319 1906 B
340 1851 446 1908 autem
475 1842 593 1926 legitur
621 1841 770 1932 τέθνηκεν
800 1843 825 1924 o!
843 1841 966 1928 μέλλων
997 1843 1046 1906 καὶ
1075 1841 1222 1906 tataros
1246 1842 1302 1911 οὐκ

284 1942 326 2007 ἔτ’
349 1942 446 2022 ἔστιν,
469 1967 552 2029 quae
574 1945 668 2010 lectio
690 1945 859 2010 manifesto
882 1955 1032 2030 corrupta
1054 1955 1109 2011 est.
1159 1937 1302 2010 Chabet

283 2041 410 2132 τέθνηχ’
432 2046 449 2108 ὁ
469 2045 593 2131 μέλλων
617 2043 670 2134 χῶ
699 2043 807 2109 ιλοινιλιν
831 2045 886 2108 οὐκ
908 2041 970 2108 ἔστ’
994 2043 1047 2121 ἔτι,
1070 2045 1157 2129 quod
1180 2055 1301 2112 veteres

285 2145 440 2212 editiones
461 2147 495 2211 in
517 2158 700 2213 contextum
723 2159 920 2234 receperunt.

368 2245 597 2314 Recentiorum
613 2249 679 2314 fere
694 2271 803 2315 omues
818 2251 879 2314 viri
895 2249 979 2314 docti
996 2271 1075 2328 eam,
1092 2272 1188 2336 quam
1203 2273 1301 2338 supra

283 2347 491 2434 protulimus,
519 2349 686 2417 lectionem
710 2351 850 2437 amplexi
873 2363 963 2428 sunt3
986 2351 1042 2418 sed
1066 2351 1300 2419 Wakefieldius

284 2452 507 2534 econjectura
536 2473 594 2518 sua
623 2453 671 2526 εἷς
690 2452 762 2530 τότ’,
793 2465 824 2518 et
853 2451 988 2518 Bothius
1011 2453 1141 2520 atticam
1163 2455 1298 2521 formam

282 2553 424 2642 πράκλά,
453 2575 535 2638 quae
563 2555 616 2620 hio
641 2557 805 2620 insuavem
828 2555 949 2620 hiatum
972 2553 1078 2633 efficit,
1100 2557 1183 2622 male
1205 2579 1295 2642 prae·

282 2655 433 2720 tulerunt.
477 2655 542 2721 Hic
571 2665 736 2740 praeterea
761 2677 889 2722 versum
919 2657 1095 2721 secundum
1118 2658 1297 2742 conjectura

282 2759 426 2823 tentabat
455 2757 534 2822 haec
564 2769 822 2842 argumentatus:
852 2757 1004 2823 Verum
1028 2771 1066 2824 ct
1094 2757 1299 2844 frigidum

282 2870 361 2934 est,
395 2869 600 2923 mortuum
631 2881 717 2926 eum
747 2859 904 2938 dicere,
935 2861 1005 2946 qui
1034 2883 1113 2928 non
1143 2863 1198 2927 sit
1220 2884 1299 2926 am-

281 2959 413 3046 plius,
443 2971 482 3026 et
512 2960 592 3026 sibi
614 2983 693 3026 non
716 2974 881 3028 constat
903 2963 1123 3042 Admetus,
1147 2963 1299 3031 defun·

282 3073 386 3126 ctam
423 3083 532 3127 nunc
567 3063 825 3149 significaris
862 3064 1141 3143 Alc'estidem,
1182 3087 1299 3152 quam

281 3163 400 3230 modo
421 3165 461 3228 in
484 3183 529 3230 eo
552 3165 779 3244 essedixit,
802 3166 978 3232 utevita
1000 3179 1131 3234 exeat.
1166 3165 1300 3249 Quare

281 3263 400 3329 locus
423 3287 497 3351 pro
520 3280 719 3352 corrupto
741 3266 960 3332 habendus
990 3279 1068 3345 est,
1098 3291 1217 3354 quem
1239 3269 1299 3334 sio

282 3365 489 3430 emendem:
510 3365 891 3456 τέθνηχ’ὁμέλλων,
916 3367 1185 3455 κοοκέάέστι,
1208 3390 1298 3432 κωτ-

280 3463 433 3532 taneta.
463 3467 741 3554 Hyperbaton
764 3469 907 3534 nescio
930 3471 1115 3554 quisnon
1138 3473 1299 3557 capiens

280 3570 452 3634 mutavit.
480 3569 607 3655 Magis
630 3569 821 3636 affirmare
836 3567 979 3636 Graeci
1002 3571 1149 3656 aliquid
1171 3572 1298 3638 solent

280 3668 459 3752 negando
491 3671 699 3735 contrario.
751 3671 798 3736 At
827 3669 879 3736 hic
908 3670 996 3737 locus
1027 3672 1211 3739 sanissimus
1237 3683 1296 3750 est,

281 3769 456 3835 dummodo
479 3771 546 3853 ejus
568 3791 679 3836 sensus
701 3783 786 3838 recte
800 3771 1008 3856 intelligetur.
1038 3771 1197 3852 Admetus
1212 3775 1296 3842 euim

457 3911 581 3920 Ἣ

318 4077 321 4082 Ι
343 4071 347 4081 ι
367 3992 410 4063 ³⁴)
433 3985 550 4078 κιχάνω
562 3995 664 4070 legitur
676 4001 749 4070 apud
763 4000 846 4073 Soph.
859 4001 894 4056 Ο.
904 3999 935 4057 C.
949 4008 1024 4058 1451
1035 4023 1042 4073 ς
1053 4003 1155 4065 Aesch.
1170 4003 1294 4084 Chceph.

282 4083 352 4148 618,
369 4089 399 4134 et
411 4084 523 4153 passim.
