2964 4678
675 461 713 528 19

547 551 846 562 —mu——a—-n

182 675 254 739 lius
278 685 416 749 tuentur,
440 672 493 738 sed
511 694 620 735 vocem
646 673 738 746 νέκυς
760 696 777 738 e
800 673 981 756 conjectura
1003 673 1202 740 deleverunt.

183 763 381 859 Nosquidem
414 774 585 838 verborum
621 774 733 839 ordine
768 797 786 838 e
816 773 1010 840 Kirchlroffii
1047 776 1204 841 sententia

166 888 378 941 ¹commutate
416 879 608 960 optimorum
643 875 797 939 librorum
834 875 1003 942 lectionem
1041 888 1202 954 rensuum

186 979 299 1042 rectius
323 977 416 1042 enim
440 977 530 1040 nobis
554 976 614 1039 hoc
636 977 747 1042 fecisse
771 975 926 1054 videmur,
950 998 1045 1062 quam
1076 978 1101 1042 si
1131 999 1203 1044 cum

186 1079 256 1142 aliis
295 1079 371 1142 viris
408 1079 508 1142 doctis
547 1079 727 1162 complures
758 1101 851 1145 voces
881 1063 1080 1144 econtextu
1109 1079 1203 1164 ejice·

188 1204 301 1247 remus.
330 1179 395 1246 Sed
412 1182 603 1246 discedimus
620 1204 636 1243 a
654 1178 846 1244 Kirchhoffii
871 1181 1032 1266 opinione,
1055 1183 1202 1247 voculam

183 1285 246 1372 γάρ
277 1286 593 1370 interpretamentum
618 1305 686 1348 esse
715 1283 924 1367 suspicantis,
954 1305 1027 1349 cum
1058 1284 1139 1348 bene
1169 1307 1202 1350 se

183 1385 316 1461 habeat,
341 1385 515 1448 dummodo
545 1385 589 1449 sic
612 1385 772 1468 legamus:

359 1501 427 1564 HM.
451 1499 542 1564 οὔτᾶν
565 1501 722 1591 μθιμένιγς
741 1501 916 1586 γ’ἐσιώπων
941 1539 981 1550 --

364 1601 429 1666 HM.
454 1602 546 1675 νέκυς
566 1601 636 1692 ἤδη.

363 1704 429 1768 ΗΜ.
453 1703 489 1766 αὖ
512 1704 573 1791 γὰρ
596 1703 635 1794 δὴ
658 1705 801 1792 φροῦδός
822 1706 887 1790 γ’ἐξ
908 1706 1021 1784 οἴκων,

187 1835 222 1888 ut
243 1823 283 1888 sit
303 1822 509 1890 chemichorii
539 1824 640 1888 oratio
671 1826 848 1914 interrupta
870 1825 1201 1910 ¹subintelligaturque

185 1947 224 1990 ex
247 1925 344 1989 verbo
368 1923 511 1988 ἐσιώπων
535 1925 574 1988 ad
600 1925 635 1988 nd
665 1925 726 2012 γὰρ
756 1927 1030 1996 verbumctmndr.
1068 1924 1204 2008 Notissi-

184 2050 254 2092 mus
277 2037 324 2094 est
346 2027 398 2090 hic
421 2027 580 2110 ellipticus
604 2029 780 2114 particulae
802 2031 863 2117 γὰρ
888 2053 972 2096 usus.
1007 2029 1204 2098 Particulam

183 2128 232 2216 δὴ,
256 2151 352 2212 quam
376 2151 441 2192 nun
464 2129 636 2194 admodum
660 2129 711 2194 hic
734 2132 896 2198 desideras
918 2145 949 2198 et
971 2155 1054 2218 quae
1080 2131 1204 2198 librarii

185 2253 292 2296 errore
320 2242 452 2316 propter
481 2231 590 2314 pttnllo
613 2233 854 2308 antecedentem
878 2256 987 2300 vocem
1011 2235 1072 2324 ἤδη
1095 2235 1127 2298 in
1151 2256 1203 2300 co·

188 2331 274 2398 dices
296 2331 388 2396 facile
411 2331 542 2416 irripere
566 2334 679 2415 potuit,
703 2333 872 2399 delendam
895 2348 1146 2420 amputamus,
1169 2349 1204 2400 ut

188 2431 239 2497 hic
270 2455 378 2498 versus
408 2455 479 2497 cum
512 2433 741 2520 antistrophico
774 2435 832 2500 109
860 2430 889 2520 ᾦ
916 2439 983 2524 χρῆ
1015 2461 1077 2524 σφε
1095 2439 1204 2524 μολεῖν

186 2533 265 2596 κατὰ
287 2533 379 2618 γαίας
400 2551 562 2618 aequetur.

269 2675 297 2716 v.
313 2653 363 2719 98.
387 2699 496 2716 .......
520 2659 591 2727 πῶς
612 2652 649 2716 ἄν
673 2651 791 2742 ἔμγμαν

387 2757 488 2841 ταίφυν
506 2751 664 2844 ’Ἄδμητος
891 2829 893 2834 ,

351 2891 355 2897 ·
388 2858 503 2948 κεδνῆς
524 2857 561 2920 ἅν
584 2855 702 2945 ἔπραξε
725 2859 886 2942 γυναικός

155 2983 160 3008 ·’
184 2975 372 3042 Rectissime
394 2977 616 3042 Kirehhoflius
639 2978 828 3054 observavit,
851 3000 944 3042 versu
968 2977 1070 3066 primo
1094 2998 1203 3040 mono·

187 3091 320 3143 metrum
344 3081 581 3167 anapaesticum
612 3079 785 3155 excidisse,
816 3080 902 3162 quod
927 3102 983 3143 nos
1007 3073 1204 3165 antistropha

187 3179 322 3256 doceret,
345 3171 402 3244 ubi
414 3204 445 3244 ·v.
466 3183 519 3243 lll
549 3182 682 3254 dimeter
698 3180 917 3263 anapaesticus
934 3181 1126 3244 acatalectus
1138 3167 1212 3270 χρὴἱ

184 3285 246 3345 τῶν
284 3281 414 3366 ἀγαθῶν
445 3282 687 3368 διακναιομένων
718 3283 887 3347 iuvenitur.
932 3281 1028 3345 Hanc
1057 3283 1204 3346 lacunam

184 3383 269 3448 haud
294 3384 377 3450 male
399 3383 532 3448 fortusse
555 3385 600 3448 sic
616 3383 811 3470 expleveris:
841 3388 913 3456 πῶς
933 3383 1081 3470 φροῦδος
1103 3383 1203 3454 νέκυς.

226 3503 416 3569 v.100.X0.
438 3501 551 3566 Πυλῶν
570 3501 714 3590 πάμαιιῖε
736 3501 827 3592 δἀὐχ
849 3505 917 3590 ὁμῶ

438 3606 567 3692 πηγαῖον
591 3607 637 3678 ὡς
660 3605 811 3690 νομίζεται

433 3705 609 3796 χέρνιβ’ἐπὶ
631 3705 790 3792 φθιμένων
813 3706 927 3780 πύλαις
947 3730 973 3772 κ.
996 3729 1022 3770 τ.
1045 3707 1070 3770 ἑ.
1149 3760 1156 3772 ,

268 3825 361 3892 Haec
392 3826 522 3911 plurirm
550 3827 636 3908 iique
665 3827 777 3908 optimi
805 3825 879 3890 libri
901 3837 1038 3892 tuentur.
1084 3822 1202 3887 Kirch-

184 3928 303 4000 hatrise
323 3928 459 3992 duorum
483 3929 629 3994 codicum
652 3927 718 3992 BC
736 3927 955 3992 auctoritatem
971 3937 1099 3992 secutus
1114 3925 1202 3993 harad

184 4031 266 4096 mele
295 4030 424 4096 exhibet
458 4029 593 4117 φθίνων,
632 4050 727 4112 quam
765 4029 949 4105 lectionem,
988 4051 1059 4092 cum
1097 4027 1204 4094 versui
1250 4012 1254 4040 ¹

153 4189 155 4193 .
184 4129 346 4218 struphiea
368 4133 410 4200 88
435 4132 456 4222 ἧ
482 4134 555 4217 γόον
579 4134 627 4204 ὡς
647 4129 875 4216 πεπραγμένων
898 4130 1136 4202 accuratissime
1156 4150 1205 4194 re·

1003 4242 1044 4294 ᾖ*
