2964 4678
682 378 725 460 ³³⁴

192 605 304 674 Potuit
318 605 413 676 etism
435 601 590 689 occidere,
608 616 650 672 ut
663 604 743 672 heeo
758 604 866 683 verbo,
887 625 971 689 quoe
985 591 1206 690 explicationis
1306 623 1311 634 ’

191 729 288 774 censs
317 729 336 772 o
365 705 497 772 librario
527 705 560 770 in
590 707 707 773 codicis
739 705 884 792 margine
912 705 1074 791 adscripta
1107 715 1208 783 erent,

191 820 302 896 posteo
323 811 356 876 in
379 820 562 876 contextum
584 809 768 894 iireperent.

191 969 220 1012 v.
243 943 314 1012 446.
338 945 374 1009 od
397 945 461 1033 γάρ
483 945 538 1011 τιν’
560 943 652 1010 ἄλλον
675 945 822 1033 φίλτερον
844 943 941 1032 θάψω
965 946 1076 1032 νεκρὸν

335 1047 421 1112 τοῦδ’
444 1045 511 1112 oot’
534 1049 668 1136 ἀμείνον’
691 1049 739 1122 εἷς
759 1046 815 1134 ἔμ’·
838 1047 909 1122 ἀξία
931 1047 968 1111 δέ
986 1071 1040 1133 μοι

335 1155 434 1236 τιμᾶν,
459 1151 524 1216 ἐπεὶ
544 1149 694 1241 τέθνηκεν
716 1151 781 1216 ἀντ’
804 1150 889 1237 ἐμοῦ,
913 1150 988 1217 λίαν.

275 1267 342 1334 BC
360 1271 479 1336 hebent
500 1274 607 1360 τιμῆς;
631 1273 736 1348 ceteri,
758 1280 794 1336 ut
816 1269 952 1347 videtur,
974 1289 1084 1335 omnes
1101 1273 1208 1355 τιμᾶν;

188 1371 288 1462 μόνην
313 1393 372 1459 pro
395 1373 461 1438 λίαν
485 1385 615 1439 tuentur
637 1373 700 1452 Bd,
723 1373 809 1459 quod
833 1373 1000 1438 monilesto
1023 1381 1210 1458 corruptum

192 1485 256 1552 est,'
292 1493 365 1539 cum
398 1474 531 1541 verbum
568 1479 656 1560 τιμᾶν
694 1497 752 1560 pro
787 1473 935 1560 τιμᾶσθαι
972 1473 1024 1540 hic
1060 1474 1210 1560 positum,

192 1576 423 1645 nominativum
446 1575 618 1655 desideret;
651 1575 717 1642 BC
742 1575 894 1642 exhibent
918 1575 1010 1664 μόνη,
1040 1571 1089 1640 Co
1119 1574 1208 1642 deni·

195 1701 254 1764 que
277 1678 352 1746 λίαν.

275 1795 442 1863 Nsuckius
471 1795 638 1882 amplexus
668 1806 715 1862 eet
743 1795 910 1864 lectionem
940 1799 1029 1880 τιμᾶν
1057 1803 1088 1860 st
1110 1795 1207 1883 μόνης

194 1897 413 1966 Kirohhoffius
436 1909 543 1964 autem
564 1902 653 1986 τιμᾶν
676 1897 765 1983 legit,
787 1896 844 1965 sed
866 1897 900 1962 in
923 1897 1029 1965 medio
1044 1896 1209 1982 relinquit,

191 2015 300 2069 utrum
319 2003 401 2092 μόνη
424 2023 466 2066 en
489 2001 555 2066 λίαν
578 2001 752 2068 tenendum
774 1999 825 2077 sit,
851 1999 1016 2083 antiquam
1037 1998 1121 2066 hano
1142 2021 1210 2066 esse

191 2106 377 2172 varietatem
401 2103 520 2182 dicens,
543 2123 639 2188 quum
662 2102 821 2188 pepererit
836 2099 1010 2186 aliquando
1026 2101 1141 2166 omisso
1156 2099 1209 2166 de·

194 2206 363 2272 scribentis
390 2227 498 2274 errore
524 2223 588 2270 vox
609 2201 714 2270 finalis
737 2201 903 2288 bisyllebu.
947 2202 1083 2270 Bothius
1105 2203 1211 2268 minus

196 2317 283 2370 recte
310 2307 343 2368 in
372 2319 555 2374 contextum
577 2305 696 2392 'recepit
716 2309 815 2394 τιμῆς.
848 2303 1011 2390 Equidem
1033 2304 1210 2390 genuinum

199 2427 267 2472 esee
289 2417 365 2492 puto
387 2408 460 2488 λίαν,
483 2409 571 2494 quod
592 2409 625 2472 in
647 2407 743 2492 hujus
764 2405 826 2473 looi
848 2429 976 2474 sensum
997 2408 1116 2492 optime
1130 2427 1209 2490 que·

197 2508 277 2572 drst.
321 2507 412 2575 Dixit
434 2511 518 2578 enim
540 2509 710 2588 Admetus,
732 2531 866 2576 uxorem
888 2507 1021 2594 dignum
1043 2529 1112 2576 esse
1126 2527 1210 2591 quse

195 2609 411 2676 admodum
434 2612 600 2688 coleretur,
623 2609 698 2696 quio
720 2633 778 2697 pro
801 2632 834 2677 ss
856 2619 989 2676 mortem
1011 2609 1208 2694 suscepisset.

194 2711 305 2778 Lectio
324 2713 423 2806 μόνη,
453 2715 481 2780 si
503 2737 574 2780 eom
596 2735 669 2780 cum
694 2719 783 2799 τιμᾶν
800 2711 922 2800 jungis,
943 2733 1079 2800 pravum
1101 2707 1210 2776 reddit

194 2835 331 2895 sensum,
354 2839 429 2882 nem
452 2816 507 2882 olii
530 2838 658 2902 quoque
680 2817 822 2902 profecto
845 2825 952 2893 erent,
982 2835 1062 2900 quos
1084 2813 1208 2880 Adme-¹

194 2925 245 2980 tus
267 2919 322 3000 qui
344 2917 525 2985 colerentur
547 2918 663 3002 dignos
684 2915 809 2994 habuit;
833 2917 882 2981 sin
902 2909 1008 2982 eutem
1022 2935 1095 2981 cum
1110 2911 1209 2980 verbo

194 3015 353 3106 τέθνηκεν,
376 3040 486 3104 regem
508 3040 615 3084 amore
630 3017 679 3082 sui
694 3017 911 3104 plenissimum
932 3017 1029 3084 fuisse
1050 3013 1209 3104 significe-
1296 3030 1301 3047 ·

193 3131 251 3199 ret,
275 3119 363 3206 quod
385 3119 540 3208 displicet.

214 3261 251 3308 xV.
274 3237 346 3306 459.
370 3235 478 3303 Πολλοί
497 3262 535 3304 οε
552 3237 745 3326 μουσοπόλον

364 3339 520 3427 μέλςίοοοι
542 3341 613 3408 καθ’
636 3340 802 3407 ἑπτάτονόν
824 3337 960 3428 τ’ὀρείαν

363 3442 460 3532 χέλυν
483 3441 515 3508 ἔν
537 3445 697 3533 τ’ἀλύροις
717 3443 871 3514 κλείοντες
891 3441 1009 3529 ὕμνοις,

368 3543 505 3636 Σπάρτᾳ
523 3545 636 3620 κύκλος
657 3547 744 3614 ἁνίκα
766 3544 919 3636 Καρνείου
941 3543 1152 3633 περινίοαετακ

601 3649 673 3737 ὥρα
695 3675 722 3719 κ.
744 3674 770 3718 τ.
793 3649 818 3716 ἑ.

278 3765 335 3834 Sic
356 3769 443 3836 hunc
464 3768 571 3835 locum
593 3791 703 3835 omnes
725 3769 799 3835 libri
820 3789 977 3835 consensu
997 3764 1131 3853 pessime
1152 3785 1208 3830 ex·

194 3868 321 3947 hibent;
351 3884 517 3958 praetereo
537 3870 725 3958 περινίσεται
747 3881 876 3937 tuentur
898 3869 978 3948 bod,
1005 3867 1208 3954 περινείαεται

194 3971 239 4052 Β,
262 3993 400 4058 quorum
423 3990 595 4058 utrumque
616 3974 783 4040 manifesto
802 3982 989 4059 corruptum
1011 3981 1068 4038 est.
1167 3963 1170 3970 ’

280 4075 470 4144 Diodortins
492 4091 589 4163 etque
611 4073 776 4144 Neuckius
797 4097 857 4162 pro
880 4075 1040 4145 librorum.
1054 4073 1216 4148 κλείοντος.

1009 4191 1026 4239 e
