2964 4678
698 430 740 496 ts

213 665 282 710 eam
297 643 456 710 licentiam
471 642 601 727 tragicis
616 643 793 710 concedens
815 642 895 710 adeo
915 641 1058 728 angustis
1073 641 1227 708 limitibus

213 744 453 822 circumscribit,
461 755 507 822 ut,
520 745 598 830 quid
612 745 651 812 de
662 745 701 812 iis
712 744 866 832 exemplis
878 743 1070 812 censendum
1082 745 1132 823 sit,
1144 766 1227 830 quae

212 869 265 914 eos
287 847 455 923 excedunt,
482 848 611 923 nescias,
642 848 702 912 nisi
731 849 813 913 forte
841 869 879 912 ea
900 857 1051 932 corrupta
1072 868 1140 912 esse
1162 859 1225 912 sta·

211 955 343 1030 tuaest).
387 949 503 1034 Estant
530 951 614 1014 enim
642 950 729 1036 apud
752 951 889 1034 tragicos
911 960 1049 1034 quatuor
1071 948 1228 1036 exempla,

212 1052 331 1138 quibus
360 1051 494 1117 verbum
524 1063 698 1140 augmento
729 1052 885 1136 syllabieo
914 1051 1100 1116 destitutum
1127 1051 1226 1119 alium

211 1163 298 1220 tenet
326 1153 432 1220 locum
459 1154 493 1218 in
522 1175 628 1230 versu,
658 1164 754 1239 atque
784 1154 832 1220 vir
862 1154 974 1220 doctus
1004 1153 1227 1234 desiderato).

213 1254 353 1322 Putabat
367 1255 496 1340 quidem
511 1255 707 1324 Matthiaeus
729 1255 850 1340 aliique
872 1255 932 1320 viri
948 1255 1043 1334 docti,
1066 1277 1119 1320 eos
1138 1255 1226 1321 locos

212 1357 395 1442 corruptela
423 1357 586 1432 laborars;
616 1357 671 1422 sed
694 1379 759 1422 non
781 1356 891 1434 video,
920 1378 984 1442 quo
1005 1357 1075 1438 iure
1096 1356 1225 1440 regulas

211 1461 449 1540 constituamus,
471 1458 588 1542 quibus
610 1459 636 1523 si
665 1458 788 1542 aliquid
816 1480 880 1526 non
903 1459 1106 1546 respondeat,
1136 1459 1170 1524 id
1191 1459 1226 1524 in

211 1562 424 1648 suspicionem
452 1561 666 1637 adducamus,
695 1573 726 1626 et
755 1581 813 1626 eur
840 1582 906 1626 non
936 1562 1041 1647 potius
1071 1561 1226 1647 exemplis

211 1665 314 1732 edocti
337 1675 503 1752 poetarum
526 1664 697 1750 praecipue
717 1661 878 1730 licentiam
900 1663 933 1728 in
956 1663 1016 1730 hac
1038 1675 1093 1728 aut
1114 1664 1228 1730 illane

211 1767 453 1855 amplificemus.
496 1765 677 1832 Permirum
706 1766 791 1834 eninr
812 1775 910 1842 esset,
933 1775 968 1830 ut
991 1765 1138 1830 omnibus
1160 1765 1226 1832 illis

211 1880 348 1955 quatuor
370 1867 459 1946 locis,
481 1869 537 1952 qui
558 1867 714 1934 librorum
736 1888 893 1934 consensu
907 1866 953 1934 sic
967 1866 1169 1946 exhibentur,
1191 1878 1227 1932 ut

210 1972 294 2040 infra
316 1972 464 2047 citantur,
485 1969 689 2038 librariorum
712 1969 908 2056 negligentia
929 1970 1022 2038 lectio
1042 1989 1225 2055 commpa-

211 2085 308 2140 retur.
353 2071 563 2158 Quapropter
590 2072 756 2158 praeclare
784 2072 965 2140 observavit
988 2067 1171 2150 Seidlsrus‚
1192 2071 1226 2138 in

213 2175 403 2240 nunciorum
425 2175 663 2240 narrationibus
692 2185 723 2240 ct
745 2173 815 2240 aliis
837 2175 1030 2260 quibusdam
1051 2175 1085 2240 in
1106 2195 1225 2242 sermo-

214 2275 308 2343 nibus
329 2276 442 2352 minori
463 2275 630 2344 severitate
651 2277 684 2342 iu
699 2277 866 2344 retinendo
881 2287 1054 2364 augmento
1068 2298 1142 2344 usos
1157 2297 1226 2346 esse

215 2376 362 2460 tragicos.
397 2373 494 2459 Quod
516 2379 541 2443 si
563 2390 706 2444 tenemus
728 2390 760 2445 et
780 2379 968 2446 Hermanno
983 2378 1226 2466 adstipulamur,

216 2479 270 2564 qui
292 2479 393 2544 cresin
415 2481 491 2547 ferri
513 2502 576 2546 non
599 2501 693 2566 posse
707 2479 784 2567 dicit
805 2480 842 2548 iis
857 2482 945 2560 locis,
968 2503 1048 2568 quos
1064 2481 1123 2548 viri
1139 2482 1225 2554 docti

163 2639 166 2646 .
214 2578 255 2644 ad
285 2582 499 2646 excusandam
528 2581 728 2651 omissionem
756 2583 921 2668 augmenti
943 2583 1088 2668 syllabici
1110 2595 1148 2648 ea
1169 2582 1224 2648 ad·

206 2681 321 2766 juvare
342 2684 523 2760 voluerunt,
548 2683 602 2750 hic
628 2685 717 2752 locus
738 2685 772 2750 in
794 2707 903 2752 eorum
926 2685 1144 2772 exemplorum
1166 2707 1224 2751 nu·

211 2805 297 2851 mero
320 2786 489 2871 ponendus
512 2800 568 2866 est,
591 2809 675 2872 quae
697 2787 784 2854 haud
804 2787 850 2854 ita
865 2808 969 2874 pauca
983 2787 1071 2874 apud
1086 2789 1225 2872 tragicos

211 2897 337 2966 saetam
351 2893 401 2966 ⁴²).
445 2887 580 2956 Frustra
608 2890 708 2976 igitur
736 2890 796 2956 viri
825 2890 910 2956 docti
936 2901 1108 2976 augmento
1130 2912 1222 2978 repo-

210 2991 317 3056 nendo
338 2990 413 3055 huic
434 2992 506 3058 loco
529 2991 686 3058 medelam
708 2991 912 3064 adhibebant.

204 3109 240 3174 ἀ
261 3107 334 3176 890.
351 3110 419 3182 VXO.
446 3111 482 3173 τὸ
500 3111 612 3200 μήποτ’
635 3110 758 3184 εὶςιὸεἳν
778 3111 886 3196 φιλίας
905 3111 1021 3200 ἀλόχου

445 3210 615 3298 πρόσωπον
637 3210 715 3276 ἄντα
735 3211 862 3300 λυπρόν.

296 3325 388 3393 Haec
410 3350 520 3397 omnes
542 3331 668 3398 codices
687 3342 831 3408 tuentum
854 3331 910 3398 sed
926 3345 1026 3399 metro
1038 3354 1151 3402 -rersue
1165 3355 1222 3402 an-

211 3425 390 3513 tistrophicl
412 3429 473 3496 907
503 3431 598 3507 πιέζει
620 3437 754 3521 φανεῖσα
782 3432 906 3499 dodran
936 3457 973 3503 ea
994 3452 1050 3502 aut
1071 3451 1221 3524 corrupta

292 3653 338 3728 ⁴⁵)
361 3657 396 3714 cl.
411 3657 511 3716 Matth.
527 3661 550 3728 ξ.
571 3667 628 3718 160
643 3681 708 3738 pag.
727 3669 797 3726 873.

296 3757 339 3836 ⁴⁸)
361 3763 447 3838 Soph.
469 3764 541 3824 Phil.
565 3771 634 3823 871.
655 3760 783 3848 πλησίον
804 3761 845 3846 γὰ
888 3759 934 3827 ὢν
949 3761 1045 3851 κύρει.
1068 3769 1132 3828 Eur.
1147 3771 1219 3834 Hac.

211 3841 399 3905 580.·cocdd'
418 3843 498 3929 ἀμφὶ
517 3847 579 3933 αῆς
596 3845 686 3928 λέγον
705 3847 820 3920 παιδὸς
831 3785 1002 3939 sldvodopc.
1024 3857 1125 3918 Aescu.
1140 3859 1218 3917 Pers.

210 3937 279 3986 ³11.
302 3925 370 3990 oles
384 3930 462 4002 ναὸς
474 3929 509 3996 ἐκ
519 3934 597 4016 μιᾶς
608 3929 714 3996 πέσον.
736 3941 805 3998 Eur.
819 3941 882 3998 Alc.
899 3947 968 4002 851.

295 4030 340 4112 ⁴¹)
362 4037 397 4092 cf.
412 4038 495 4112 Sept.
511 4039 582 4096 Phit
601 4046 671 4098 aas.
686 4043 733 4115 Aj.
750 4049 820 4098 aoo.
841 4051 929 4103 rnre.
945 4045 1045 4100 unet.
1064 4051 1132 4106 aar.
1150 4055 1217 4104 rra.

210 4123 278 4176 805.
294 4121 367 4184 Oed.
383 4122 414 4183 Ο.
432 4130 521 4186 1602.
541 4131 630 4185 1608.
644 4127 748 4186 Aescls.
762 4129 839 4187 Pars.
857 4136 926 4190 ³08.
943 4135 1013 4186 488.
