2964 4678
680 369 729 478 ὀ

196 625 295 680 versu
309 606 506 692 quertopnis
527 603 547 695 ἢ
566 605 683 674 τέκνων
705 628 732 674 τι
753 605 897 696 φρούύον
919 605 1046 690 γένος,
1067 603 1087 694 ἢ
1109 605 1212 693 ποτηρ

195 707 320 810 γέρων;
334 729 432 794 quem
442 707 610 781 manifesto
622 708 984 798 eorruptsnsleetionem
997 707 1164 786 reesntier,
1177 716 1215 780 ut

195 802 336 888 videtur,
363 831 478 886 merrus
504 821 664 894 expunets
691 830 769 878 vene
790 810 885 894 γένος
904 811 1048 883 correxit.
1091 808 1132 875 In
1152 806 1219 876 BC

195 912 313 979 eedem
328 909 453 978 medela
468 910 613 978 adhibite
627 923 675 982 est
690 924 721 980 et
736 923 900 1000 praeterea
914 925 1042 982 tuentur
1056 933 1105 986 τις
1117 913 1215 999 pperi-

195 1013 260 1089 to<
280 1025 312 1082 et
333 1013 437 1102 γέρων
459 1013 573 1104 πατὴρ,
600 1013 688 1098 quod
711 1013 848 1081 Bethins
873 1013 1009 1090 meleis
1029 1024 1215 1080 nnnt‘extunr

197 1117 330 1204 reeepit.
371 1114 569 1184 Felieissime
596 1115 682 1194 hune
707 1115 814 1182 lenum
836 1115 1057 1185 Kirnhhodius
1077 1116 1123 1182 sie
1144 1121 1214 1184 ten·

198 1219 305 1286 tsbstr
323 1221 395 1304 ρῶν
416 1216 436 1308 ἢ
457 1215 594 1302 γένους
613 1240 641 1282 τι
656 1217 809 1306 φροῦδον,
833 1219 998 1289 advocent
1014 1216 1215 1302 γένοοςολὶτο

198 1319 398 1406 adscriptum
420 1318 517 1386 fuisse
538 1320 704 1406 suspicans
725 1319 885 1404 glossema
906 1319 1032 1398 τέκνων,
1054 1319 1142 1405 qnod
1157 1339 1215 1404 pn·

198 1434 278 1502 stes,
300 1433 336 1488 ut
356 1423 424 1490 fere
444 1419 490 1500 fit,
511 1420 546 1484 in
568 1431 751 1494 contextum
773 1422 961 1510 irrepsisset,
984 1445 1048 1508 qne
1062 1423 1147 1490 fante
1161 1442 1216 1507 ge·

198 1525 300 1594 nuine
321 1523 416 1590 lentie
438 1521 552 1608 γένους
570 1521 604 1600 in
625 1522 720 1608 γένος
740 1535 863 1593 mutate
884 1538 976 1604 esset,
997 1535 1034 1592 ut
1049 1525 1216 1611 genetivus

198 1621 317 1698 τέκνον
339 1627 481 1711 heberet,
504 1625 589 1693 unde
611 1626 814 1712 dependeret.

288 1763 440 1832 Ceterum
456 1773 521 1830 tres
534 1762 639 1830 ultimi
654 1783 765 1830 versus
780 1763 913 1830 lseunee
928 1763 1106 1850 explendae
1120 1783 1217 1830 nense

202 1891 273 1938 esse
294 1867 372 1934 elim
393 1865 581 1952 interpolati
599 1865 766 1944 videntum
796 1867 965 1932 manifesto
994 1866 1078 1932 enirn
1100 1865 1217 1950 etinhe-

203 1970 346 2058 mythise
365 1968 523 2035 rationem
537 1968 678 2034 turbent.
709 1967 732 2035 J
734 1991 785 2033 sm
807 1967 903 2035 sehol.
919 1967 993 2034 Vst.
1008 1965 1125 2035 Cebeti
1139 1967 1218 2034 hsee

204 2095 263 2140 nnn
285 2073 417 2140 donent:
439 2061 596 2135 τοῦτοδὲ
617 2070 655 2134 τὰ
676 2072 747 2158 τρία
770 2078 827 2150 (se.
851 2071 992 2156 ἰαμβεῖα)
1015 2069 1048 2135 ἔν
1069 2093 1146 2136 τισιν
1162 2069 1219 2134 eds

208 2173 353 2258 ἔγκειται,
382 2173 469 2242 unde
497 2171 592 2238 fseile
623 2173 731 2256 colligi
754 2185 877 2261 potest,
900 2173 958 2238 hos
980 2191 1091 2240 versus
1112 2173 1145 2238 in
1167 2192 1218 2237 er·

209 2274 344 2360 nhetypn
365 2295 430 2340 nen
451 2272 558 2350 fnisse,
584 2273 640 2340 sed
662 2286 774 2358 postes
794 2297 815 2340 s
835 2277 967 2340 librario
988 2276 1022 2340 in
1044 2297 1143 2342 unum
1165 2294 1219 2342 en·

206 2375 313 2442 disent
332 2375 437 2442 illetns
456 2376 491 2442 in
512 2373 654 2461 reliquos
676 2366 785 2443 =ornnes
805 2377 882 2444 inde
903 2378 1075 2464 irrepsisse.

67 2607 72 2617 ¹
203 2535 241 2582 v.
264 2513 333 2584 849.
356 2513 416 2580 HF.
439 2513 466 2578 ὦ
490 2513 587 2578 πολλὰ
607 2515 706 2578 τλᾶσα
728 2513 842 2601 καρδία
863 2515 913 2578 καὶ
930 2515 1004 2604 χεὶρ
1027 2513 1084 2607 ἐμῆ

437 2617 491 2680 νύν
514 2614 628 2693 δεῖξον,
651 2615 714 2680 οἷον
736 2616 834 2681 παῖδά
855 2616 904 2706 θῇ
930 2609 1074 2704 Τιρονύὶα

433 2716 669 2806 Ἠλεκτρύωνος
689 2719 800 2803 γείνατ’
817 2717 971 2810 Ἀλκμήνη
996 2715 1057 2782 Act!

290 2853 387 2922 Hane
407 2853 578 2923 lectionem
599 2877 686 2923 ornes
709 2855 834 2922 eodiees
855 2866 1002 2932 tuentum
1027 2853 1084 2923 sed
1107 2853 1220 2941 depre-

205 2966 281 3029 vnto
303 2967 439 3024 aeeentu
459 2957 579 3044 legitur
599 2959 633 3026 in
655 2958 693 3024 iis
710 2957 970 3046 Ἠλεκτροῶνος;
993 2967 1041 3024 eet
1054 2957 1117 3024 hoe
1138 2967 1223 3024 eene

204 3061 240 3124 in
254 3061 297 3126 B.
333 3057 429 3126 Unus
443 3056 638 3128 Hsvniensis
652 3060 750 3148 habet
760 3059 994 3148 Ἠλεκτρύονος,
1010 3058 1097 3144 qued
1112 3057 1223 3133 Blem-

205 3159 333 3228 fieldius
355 3163 545 3228 assentiente
566 3161 754 3242 Matthieeo,
777 3163 922 3230 Neuekio
945 3161 1082 3246 aliisque
1102 3159 1223 3246 emple-

206 3284 269 3327 xue
289 3278 417 3328 versum
442 3265 571 3330 tertium
600 3266 645 3330 sin
674 3263 872 3332 emendavit:
898 3263 1124 3352 Ἠλεκτρούνος
1152 3262 1224 3346 ἐγεί·

209 3363 274 3428 νατ’
289 3387 316 3429 κ.
331 3387 357 3431 τ.
374 3365 398 3428 ἑ
436 3364 514 3432 Jem
535 3365 690 3432 Monkius
712 3389 752 3432 ex
773 3379 910 3452 utreque
932 3365 1068 3430 conflate
1088 3363 1225 3438 lentiore

205 3463 334 3552 scripsit
362 3464 490 3549 ἐγελνοτ’
509 3463 755 3558 Ἠλεκτρύωνος,
782 3467 844 3534 hee
866 3467 992 3534 nomine
1014 3489 1073 3553 pro
1095 3465 1224 3551 qusdri·

205 3567 332 3653 syllsbo
354 3567 475 3646 habito,
499 3570 586 3652 quod
601 3572 730 3655 quidem
745 3570 864 3639 Bothio
887 3592 951 3637 non
966 3569 1138 3655 displieuit,
1160 3565 1225 3634 sed·

207 3690 279 3738 eum
302 3670 406 3757 poetis
429 3670 612 3738 drsmstieis
634 3695 698 3737 non
720 3675 804 3740 idem
826 3673 858 3737 in
874 3673 935 3738 hoe
950 3693 1067 3758 genere
1083 3670 1137 3753 jus
1158 3685 1227 3734 esse

207 3784 336 3858 putaret
365 3785 463 3859 etque
491 3773 606 3860 epicis,
641 3774 757 3858 quibus
790 3774 988 3839 admittenda
1017 3781 1121 3837 essent
1151 3769 1228 3834 telis

209 3887 341 3960 propter
362 3898 544 3943 mensuram
567 3897 686 3952 versus,
716 3877 809 3942 edere
835 3889 941 3942 tamen
963 3873 1076 3946 meluit
1098 3872 1228 3968 ἐγείνατ’

204 3975 440 4066 Ἠλεκτρύονος,
466 3989 503 4046 nt
524 3988 673 4056 senentus
696 3977 832 4046 nominis
854 3985 1045 4065 congrueret
1066 3996 1139 4042 eum
1161 3973 1228 4044 ietu

189 4079 352 4182 ⁸rnetrise²
374 4081 462 4168 quod
484 4091 654 4162 venustum
678 4089 769 4158 estet
