2964 4678
773 377 814 447 48
898 417 902 420 .

286 613 316 656 v.
343 589 431 659 1092.
455 589 515 658 Ar.
538 590 594 660 οὐκ
616 589 697 658 ἔστιν
719 593 786 682 ἣτις
805 593 882 680 τῷδ’
905 592 998 681 ἀνδρὶ
1019 591 1263 684 ονγιιλιιλήοεται.

369 709 461 778 Haeo
483 711 614 796 quidem
629 709 687 778 BC
709 725 855 790 tuentum
879 715 935 780 sed
958 723 1094 780 metrum
1116 735 1174 782 uos
1196 714 1301 792 dedet,

286 811 371 878 hune
393 836 520 880 versum
543 826 728 900 aonuptum
751 835 826 882 esse.
864 814 903 882 In
923 815 1033 882 esteris
1048 814 1197 894 omnibus
1210 815 1301 884 libris

285 935 349 980 vox
370 915 463 1002 ἀνδρὶ
486 915 592 981 delata
614 927 646 984 et
666 917 753 1002 τῷδε
774 916 929 1002 seriptum
952 929 1008 995 est,
1031 918 1117 1002 quod
1134 917 1210 984 milri
1233 939 1301 986 esse

285 1016 460 1100 genuinum
478 1017 611 1101 videtur.
648 1017 729 1086 Erat
744 1020 877 1086 fortasse
892 1019 1084 1086 vocabulum
1098 1021 1192 1108 ἀνδρὶ
1211 1021 1301 1090 initio

284 1119 318 1184 in
340 1118 459 1187 eodieis
485 1120 630 1204 margine
656 1121 864 1207 adscriptum,
894 1133 1004 1208 postea
1032 1146 1107 1189 vero
1129 1145 1148 1188 a
1169 1124 1300 1192 librario

285 1221 318 1285 in
340 1220 484 1288 ordinem
506 1233 680 1308 reeeptun,
710 1223 766 1308 qui
788 1224 828 1290 de
852 1225 1047 1308 pronominis
1069 1225 1126 1288 dds
1147 1226 1297 1310 eonjune·

286 1324 370 1391 tione
400 1344 472 1390 uam
502 1343 579 1391 voce
609 1325 699 1414 ἀνὴρ,
731 1325 817 1410 quod
847 1327 876 1392 ei
906 1327 1023 1412 passim
1052 1328 1139 1414 apud
1161 1329 1296 1412 tragicos

285 1426 432 1503 adcurrit,
455 1427 609 1510 cogitans,
631 1425 684 1496 hie
705 1449 833 1514 quoque
855 1429 1003 1515 negleeta
1024 1430 1147 1498 ratione
1167 1431 1295 1499 metrica

284 1528 361 1614 τῷδ’
384 1528 478 1616 ἀνδρὶ
500 1529 703 1597 scribendum
726 1553 795 1600 esse
809 1532 953 1618 putabat.
982 1532 1203 1600 Kirahhoffius
1217 1532 1298 1602 haue

285 1631 453 1704 lectionem
483 1630 681 1712 defensurus,
711 1656 753 1700 ne
780 1645 917 1707 metrum
946 1636 1102 1715 turbetur,
1130 1638 1200 1726 ἥτις
1224 1635 1299 1725 int}

286 1744 411 1807 mutare
432 1734 561 1813 suadet;
584 1735 640 1802 sed
662 1735 741 1804 baeu
755 1737 935 1804 emendatio
949 1737 1107 1823 displicet,
1129 1740 1204 1821 quia
1219 1739 1301 1806 illud

285 1835 386 1908 multo
409 1836 546 1922 pressius
569 1846 601 1902 et
620 1836 853 1920 significantius
868 1838 1008 1922 pesitum
1031 1853 1087 1916 est,
1108 1861 1207 1920 quam
1229 1840 1300 1908 hoe.

284 1960 314 2005 v.
333 1939 423 2004 1115.
446 1937 506 2002 ΑΔ.
528 1938 567 2002 σὺ
591 1937 718 2009 δἀὐτὸς
738 1937 833 2024 αὐτὴν
856 1935 964 2021 εἴσαγ’,
988 1939 1015 2000 εἰ
1035 1938 1156 2020 βούλει,
1171 1939 1298 2023 δόμους.

369 2039 459 2106 Male
480 2050 587 2106 tuetur
608 2038 639 2105 B
661 2037 809 2122 ελςάγαβ,
839 2061 897 2123 pro
917 2061 984 2132 ¹qua
1006 2037 1214 2105 Kirahhofius
1235 2063 1300 2106 aon

284 2139 400 2210 melius
414 2139 541 2224 dodras
565 2162 583 2206 e
604 2140 785 2221 conjectura
800 2141 942 2226 seripsit3
965 2153 1101 2208 metrum
1114 2140 1212 2220 enim,
1234 2141 1301 2210 siva

284 2242 355 2320 hae,
368 2241 436 2308 sive
449 2240 531 2308 illud
545 2253 665 2320 teneas,
681 2243 839 2312 turbetur.
867 2243 1042 2312 Manifesta
1057 2243 1178 2312 librarii
1193 2265 1301 2342 auare

163 2362 166 2367 ·
284 2344 410 2428 syllaba
431 2367 471 2429 ογ
492 2343 542 2410 bis
563 2344 700 2430 repetita
721 2356 776 2412 est.

368 2446 446 2514 Jam
467 2445 585 2533 δόμους
611 2447 672 2525 (sie
694 2468 777 2516 unus
803 2445 840 2530 05
859 2447 958 2514 aeteri
980 2469 1089 2515 omnes
1110 2447 1229 2515 hebent
1250 2449 1300 2513 ‹lb-

281 2555 369 2638 μοις)
392 2550 494 2634 magis
516 2549 568 2615 hia
590 2549 705 2640 placet,
734 2571 831 2634 quam
853 2548 978 2635 ὃόμοιςς
1008 2549 1141 2616 verbum
1165 2551 1297 2635 εἷς-ἄγειν

284 2654 369 2722 enim
399 2653 615 2719 aaausativum
644 2650 812 2720 desiderat.
857 2647 1096 2737 Saepenumero
1118 2676 1177 2726 ους
1196 2663 1227 2719 et
1248 2673 1297 2724 οις

285 2779 304 2822 a
325 2754 463 2820 librariis
483 2753 731 2820 contunduntur.
761 2753 895 2820 Frustra
908 2752 1114 2821 Hermaunus
1128 2753 1294 2825 lectionem

284 2858 395 2945 δόμοις
407 2855 562 2931 defendit,
577 2855 687 2940 paullo
702 2854 888 2941 exquisitius
902 2857 948 2923 sie
962 2877 1032 2924 eam
1047 2857 1226 2945 explicans:
1249 2853 1296 2920 ad

285 2962 461 3037 domum,
488 2967 532 3022 ut
553 2957 609 3022 sit
631 2958 862 3026 domestica
889 2960 989 3026 etin
1010 2959 1298 3044 familiaribus

284 3063 497 3131 habeatur.
545 3059 658 3128 Lectio
687 3059 770 3129 δόκει
799 3060 946 3147 denique,
975 3085 1072 3147 quam
1101 3085 1160 3150 pro
1188 3061 1298 3145 βούλει

284 3164 383 3231 ABG
400 3162 562 3243 exhibent,
593 3163 698 3230 minus
718 3164 932 3232 verecundam
959 3167 1146 3234 correctoris
1167 3186 1299 3232 manum

284 3267 400 3354 prodit.

283 3392 314 3435 v.
341 3369 429 3437 1120.
452 3369 513 3436 ΗΡ.
536 3367 633 3454 τόλμιι
654 3370 812 3456 προτεῖναι
828 3372 926 3458 χεῖρα
947 3371 997 3434 κοιλ
1017 3367 1116 3453 θιγεῖν
1138 3367 1239 3459 ξένης.

447 3471 509 3540 ΑΔ.
531 3473 581 3536 καὶ
603 3471 643 3562 δὴ
665 3471 828 3559 προτείνω,
850 3471 882 3536 Γ
877 3471 981 3560 oprdv'
1000 3473 1051 3546 ὡς
1071 3471 1255 3562 superadstare.

370 3573 438 3641 Alii
459 3573 533 3640 libri
555 3573 647 3642 aliter
668 3574 755 3640 hune
775 3573 880 3640 locum
903 3574 1062 3642 exhibent.
1097 3571 1157 3641 BC
1178 3574 1298 3640 babent

284 3680 442 3768 προτεῖναι
463 3685 495 3744 et
515 3673 626 3760 θίγεινς
651 3675 713 3742 bed
735 3676 880 3764 πρότεινε
900 3687 932 3743 et
952 3674 1037 3762 «itm
1060 3675 1162 3758 ABG
1177 3675 1297 3766 προτείι

286 3803 347 3849 νειν
369 3791 400 3848 et
420 3779 533 3864 dipem
555 3779 609 3846 καί
627 3779 667 3868 δὴ
685 3779 805 3864 legitur
819 3781 854 3846 in
869 3777 986 3856 Boua
1009 3777 1061 3843 aul
1069 3779 1131 3868 μὴν
1146 3779 1179 3844 iu
1195 3775 1297 3843 ABG.

284 3995 354 4050 Plat.
366 3995 437 4068 Rep.
449 3994 487 4049 11.
502 4000 572 4051 366.
586 4011 611 4053 a.
624 3983 870 4073 ὑπερβαίνοντες
883 3983 933 4048 καὶ
947 3981 967 4048 ἁ
990 3981 1190 4072 αρτοίνοντες.
1213 3987 1296 4064 soph.

283 4079 369 4156 Aatg.
388 4085 457 4140 ste.
473 4071 562 4144 ὅστις
569 4069 752 4159 ιὑττεββὰςῆ
769 4070 880 4156 νόμους
890 4069 950 4154 βιά
968 4093 1041 4135 εται.
