2964 4678
671 419 803 500 ’42

273 637 472 726 Scholiastae
487 643 592 723 vorbis
606 645 727 725 elucet:
748 646 904 734 γράφεται
925 646 1128 732 πύλας,,ἴν’
1149 647 1169 738 ἢ
1193 649 1285 736 ύπερ-

271 743 338 825 βὰς
357 743 416 818 τὰς
428 746 535 820 πύλας.
560 748 587 812 εἷ
602 749 639 814 δὲ
660 749 799 838 τύχας,
822 751 1076 838 καταφρονήσας.
1104 741 1169 821 Sed
1192 751 1285 818 lectio

273 845 388 934 τύχας,
419 869 501 930 quae
529 871 593 914 una
622 850 750 936 probari
781 862 901 940 potest,
930 853 998 916 aine
1026 851 1124 917 dubio
1147 854 1286 937 genuina

272 960 336 1024 τοῖς
359 947 460 1023 πύλας
480 961 585 1016 autem
608 975 648 1019 ex
670 952 701 1018 h.
723 953 743 1017 f.
766 976 794 1018 v.
817 953 876 1018 841
902 953 1081 1020 sublectum
1103 975 1171 1020 osse
1193 955 1282 1024 vide·
1338 945 1341 954 Α

273 1061 335 1127 tur,
358 1051 447 1135 quod
469 1053 602 1120 fortasse
623 1053 716 1120 initio
738 1055 770 1120 iu
792 1055 910 1124 codicis
933 1057 1076 1140 margine
1091 1055 1285 1141 adscriptum

272 1163 384 1238 postea
404 1154 437 1218 in
460 1155 603 1222 ordinem
626 1157 709 1223 mele
727 1168 892 1250 receptum
907 1169 963 1222 eat.
992 1157 1126 1248 Frustra
1141 1157 1285 1236 Bothius,

272 1255 498 1339 Musgravium
520 1267 656 1332 secutus,
678 1255 845 1322 lectionem
868 1257 968 1330 πύλας
989 1257 1192 1334 defendebat,
1215 1281 1285 1322 eam

272 1357 400 1443 utrique
429 1358 499 1422 loco
528 1357 723 1442 aptissimam
753 1379 820 1424 ease
850 1357 957 1424 dicens
971 1365 1023 1437 ⁴¹).
1059 1357 1285 1424 Diverairsima

272 1459 356 1526 enim
378 1469 425 1524 est
447 1458 547 1524 nostri
568 1470 664 1544 atque
685 1459 772 1526 illius
792 1461 856 1528 loci
870 1459 960 1537 ratio,
981 1460 1026 1526 ita
1043 1469 1080 1526 ut
1094 1461 1284 1548 ὑπερβαλὼν

272 1562 380 1637 πύλας,
403 1561 491 1646 quod
512 1561 545 1626 in
567 1585 694 1642 versum
716 1563 775 1630 841
802 1565 921 1648 optime
943 1563 1090 1648 quadrat,
1113 1561 1207 1646 hujus
1222 1561 1286 1628 loci

272 1681 399 1728 sensnm
421 1673 477 1728 aut
497 1654 642 1749 ineptum
664 1663 867 1742 reddat‚‘aut
888 1677 973 1732 certe
995 1675 1186 1750 corrumpat.
1219 1663 1286 1731 Vix

272 1765 357 1832 onim
372 1765 510 1852 intelligi
524 1779 638 1852 potest,
660 1765 740 1858 quid
753 1767 814 1834 aibi
828 1767 882 1834 hic
895 1767 995 1834 velint
1009 1765 1163 1834 Herculia
1178 1765 1292 1844 verba,‘

272 1869 393 1936 tristem
422 1889 550 1936 corvum
577 1869 794 1947 adhortantis,
823 1881 860 1934 ut
889 1891 923 1936 se
950 1869 1069 1952 relictis
1098 1866 1232 1934 aedibus
1253 1867 1287 1932 in

272 1969 454 2038 cubiculum
488 1971 645 2056 hospitale
678 1971 821 2036 conferat
852 1969 961 2056 ibique
991 1970 1108 2056 pocula
1140 1969 1286 2048 misceat3

272 2095 345 2138 nam
368 2073 440 2138 luce
469 2071 586 2136 clarius
609 2083 673 2149 eat,
702 2093 765 2136 non
787 2069 962 2138 Herculem
985 2073 1019 2136 in
1042 2071 1123 2140 cervi
1146 2072 1287 2151 domum,

271 2173 328 2242 sed
350 2195 478 2240 servum
500 2173 533 2237 in
555 2171 660 2238 herois
683 2173 868 2239 cubiculum
890 2195 924 2254 se
945 2173 1137 2243 collaturum
1152 2195 1229 2250 esse,
1251 2183 1288 2240 ut

272 2278 346 2342 vino
368 2285 466 2360 atque
488 2275 560 2339 cibo
582 2285 723 2339 utantur.
769 2272 900 2361 Optime
921 2296 998 2342 vero
1020 2275 1165 2362 procedit
1186 2277 1287 2342 oratio

271 2403 299 2444 v.
321 2377 402 2456 841,
431 2377 487 2442 ubi
513 2375 671 2442 Hercules
695 2377 854 2462 queritur,
883 2377 1021 2464 primum
1045 2378 1132 2463 quod
1155 2377 1287 2446 Admeti

272 2480 402 2546 domum
425 2479 553 2544 omnino
574 2478 759 2557 intraverit,
791 2478 906 2546 deinde
929 2481 1015 2566 quod
1036 2479 1071 2545 in
1092 2489 1180 2546 tanta
1201 2481 1286 2566 regis

271 2583 451 2650 calamitate
473 2580 613 2648 laetitiae
634 2591 731 2666 atquo
752 2581 871 2665 gaudio
894 2605 927 2648 aa
949 2583 1081 2650 dederit.

355 2686 471 2770 Itaque
493 2683 656 2761 hocloco,
680 2703 775 2768 quam
791 2695 972 2759 tractamur,
995 2685 1095 2774 τύχας
1115 2685 1283 2754 tonandum

272 2801 335 2865 cet3
358 2789 403 2852 sic
425 2787 509 2855 enim
531 2785 712 2870 aptissimus
735 2785 903 2850 exhibetur
925 2809 1037 2852 aeneus
1059 2789 1121 2866 hio,
1143 2799 1179 2854 ut
1200 2787 1284 2854 Her-

273 2890 359 2956 cules
388 2889 430 2953 ad
460 2897 659 2974 praesentem
687 2885 805 2963 malam
832 2889 917 2954 vitae
944 2887 1158 2962 conditionem
1181 2902 1286 2956 conte·

271 2992 443 3060 mnondam
474 3001 570 3074 atque
599 2988 641 3052 ad
670 2989 842 3056 fruendum
866 2991 958 3058 vitae
978 2992 1197 3078 voluptatibus
1220 3015 1285 3059 ser·

270 3119 347 3162 vum
368 3094 565 3164 adhortetur.
914 3145 918 3156 ,

270 3223 299 3266 u
322 3197 395 3265 829.
420 3196 476 3262 ΘΕ
498 3193 555 3260 ούκ
576 3191 674 3282 dide<
692 3193 727 3259 ἐν
750 3194 852 3258 (λέοντι
873 3194 1027 3268 deductim
1049 3197 1168 3282 δόμοις·
1225 3243 1228 3256 .
1257 3247 1260 3254 ,

503 3295 623 3370 πένθος
642 3298 705 3384 γάρ
728 3299 797 3386 ἡμῖν
820 3298 894 3366 ἐστι·
915 3301 968 3364 καὶ
988 3300 1105 3387 κουρὰν
1126 3300 1255 3384 βλέπεις

498 3398 738 3485 μελορλπέπλοος
768 3401 923 3486 στολμούς
953 3425 996 3468 τε.
1038 3403 1124 3467 ··HP.
1161 3403 1208 3476 τίς
1240 3402 1290 3466 δ’λν

679 3501 861 3580 κατύανών;

500 3609 570 3690 μῶν
592 3604 612 3693 ἢ
634 3605 750 3670 τέκνων
773 3629 803 3670 τι
817 3607 973 3696 φροῦδον
996 3606 1015 3696 ἢ
1037 3608 1140 3695 πατὴρ
1169 3606 1287 3693 γέρων;

252 3763 253 3766 ¹
358 3708 414 3775 Sic
443 3707 501 3774 bos
531 3731 641 3774 versuo
669 3708 834 3777 Nauokius
856 3709 995 3776 exhibet.
1040 3709 1100 3774 Eat
1121 3709 1212 3774 locus
1233 3731 1287 3774 ve-

272 3813 468 3889 xatissimus,
495 3810 547 3875 cui
569 3811 625 3877 alii
648 3811 742 3905 aliam
766 3812 923 3881 medelam
945 3811 1149 3880 adhibebant.
1194 3811 1287 3876 Libri

272 3915 445 3981 admodum
480 3914 563 3978 iuter
600 3935 633 3981 se
666 3913 865 3981 dissentiunt.
911 3913 1036 4000 Optimi
1073 3911 1132 3980 Bc
1169 3913 1289 3980 habent
1369 3971 1374 3982 ,

355 4126 398 4200 ⁴¹)
421 4129 456 4186 cf.
470 4145 512 4196 ea,
525 4143 596 4200 quae
607 4125 723 4195 Botbiua
734 4127 762 4188 iu
776 4127 997 4198 adnotationibus
1009 4129 1045 4202 ad
1054 4129 1085 4187 h.
1097 4129 1114 4186 l.
1122 4091 1288 4212 ,diuoluit
1335 4143 1338 4148 ·
