2964 4678
743 447 792 516 44,

338 657 390 723 Ae
404 658 489 725 male
502 659 581 742 legit
596 657 816 726 Blomfieldius
833 657 1067 752 Ἠλεκτροόνος,
1090 668 1176 752 quud
1195 687 1268 734 eum

251 773 387 826 metrum
402 761 509 826 turbet
532 775 563 827 et
584 763 617 826 iu
634 763 745 828 eodem
761 765 869 832 codiee
883 767 1060 834 Havniensi
1083 769 1196 852 γείνατ’
1218 771 1267 836 in·

251 863 406 937 veniatur,
429 862 597 929 manifesto
612 863 736 930 librarii
752 889 859 934 errore
880 870 913 934 in
930 881 1113 936 contextum
1129 871 1267 958 irrepsit.

251 960 403 1030 Ceterum
425 963 598 1051 Euripides
620 987 787 1051 nusquam,
810 969 898 1054 qnod
920 972 1025 1048 seiam,
1043 971 1270 1060 Ἠλεκτροόνος

251 1066 307 1131 sed
317 1065 557 1153 Ἠλεκτρύωνος
576 1068 681 1146 habet,
704 1093 840 1153 quorum
862 1071 943 1137 illud
962 1073 1090 1141 omnino
1109 1076 1269 1142 rarissime

251 1168 475 1254 usurpabatur.
519 1169 628 1253 Magis
654 1171 788 1236 fortasse
815 1171 910 1236 alicui
932 1173 1057 1238 Monkii
1079 1177 1175 1242 lectio
1198 1179 1267 1262 pla·

252 1271 345 1349 sebit,
368 1293 554 1356 quanquam
576 1293 617 1336 ne
637 1293 674 1336 ea
689 1271 818 1355 quidem
834 1272 963 1355 probari
980 1286 1090 1357 potest.
1122 1275 1267 1341 Primum

251 1373 335 1440 enim
352 1375 401 1438 vir
416 1373 528 1436 doetus
543 1371 714 1438 verborum
735 1373 879 1440 ordinem
902 1396 942 1439 ex
964 1373 1095 1439 arbitrio
1117 1398 1174 1441 suo
1196 1385 1266 1440 mu-

251 1476 345 1550 tavit3
364 1475 432 1555 jam
454 1495 565 1541 voeem
583 1472 821 1561 Ἠλεκτρύωνος
840 1497 898 1561 per
918 1475 1076 1561 synizesin
1092 1477 1180 1560 legit,
1203 1499 1267 1561 qua

250 1577 378 1642 lieentia
398 1577 522 1661 tragici,
549 1599 733 1664 quanquam
755 1579 790 1643 id
811 1599 914 1664 genus
936 1579 1083 1664 exempla
1106 1577 1192 1664 apud
1214 1601 1268 1644 eos

250 1691 385 1757 exstant,
411 1679 570 1746 rarissime
591 1694 697 1748 tamen
719 1681 768 1747 usi
791 1685 935 1759 sunt⁴²);
966 1705 984 1748 e
1006 1683 1189 1764 conjectura
1211 1681 1266 1748 de·

250 1782 348 1868 nique
375 1782 502 1870 scripsit
525 1783 651 1867 ἐγείνατ’
674 1805 732 1869 pro
754 1783 877 1868 γείνατ’,
906 1783 995 1868 quod
1016 1783 1090 1848 libri
1112 1803 1268 1848 consensu

250 1885 409 1952 exhibent.
453 1884 596 1951 Pessime
623 1885 750 1969 scripsit
775 1883 912 1951 Bothins
940 1883 1067 1968 ἐγείνατ’
1085 1883 1266 1972 Ἠλεκτρύο-

251 2011 316 2066 νος,
345 2000 382 2052 ut
411 1987 532 2054 seilicet
561 1999 710 2052 aeoentus
739 1987 827 2052 voeis
843 1985 1074 2074 Ἠλεκτρύονος
1101 2007 1173 2052 eum
1201 1987 1267 2054 ietu

250 2089 381 2154 metriae
396 2100 595 2172 congrueret.
617 2087 684 2154 Sed
698 2089 782 2173 fugit
794 2087 897 2154 virum
909 2089 1048 2167 deatum,
1063 2089 1145 2156 bane
1156 2111 1267 2156 vocem

250 2202 330 2258 teste
352 2191 494 2256 Arcadio
516 2191 549 2254 in
573 2190 769 2274 paenultima
798 2191 924 2275 syllaba
950 2205 1115 2258 noeentum
1138 2191 1266 2258 babere.

334 2293 495 2378 Equidem
511 2315 559 2370 aa,
579 2315 663 2377 quae
676 2315 775 2378 supra
790 2294 920 2378 protuli,
942 2295 1082 2380 genuina
1097 2317 1165 2361 esse
1180 2305 1265 2378 puto.

335 2395 473 2464 Juvabit
493 2397 637 2473 fortasse,
665 2418 740 2462 eum
765 2389 915 2462 omissum
937 2409 1112 2483 augentem
1133 2396 1266 2481 syllabi-

250 2521 324 2566 eum
346 2498 380 2563 in
403 2499 501 2565 verbo
523 2499 635 2583 γείνατ’
665 2498 803 2586 aliquem
833 2499 995 2566 offendere
1025 2499 1133 2588 possit,
1164 2517 1267 2584 pauee

250 2602 311 2667 bae
333 2601 373 2667 de
395 2623 429 2667 re
452 2600 625 2686 disputare.

335 2703 445 2788 Atque
469 2703 601 2770 diffieile
628 2713 674 2769 est
704 2703 890 2786 dijudicare,
922 2713 1034 2788 poetae
1056 2703 1168 2788 tragici
1188 2723 1263 2765 num

251 2807 389 2882 omuino,
419 2820 475 2870 aut
506 2806 635 2889 quando
665 2817 872 2890 augmentum
902 2805 1091 2890 syllabiaum
1121 2805 1271 2871 omittere

251 2908 482 2985 consueverint,
512 2930 575 2992 qua
602 2907 642 2974 de
663 2929 698 2973 re
720 2917 808 2972 tanta
834 2906 917 2974 inter
946 2908 1030 2972 viros
1059 2907 1169 2972 doctos
1197 2917 1266 2972 orta

250 3021 298 3079 est
320 3011 545 3088 controversia,
574 3021 610 3074 ut
636 3007 691 3074 alii
714 3015 877 3090 eorum⁴³)
906 3008 978 3076 illos
1004 3009 1045 3073 ab
1074 3031 1112 3076 ea
1137 3007 1267 3075 lieentia

251 3115 346 3200 plane
368 3111 550 3189 abhorrere,
573 3112 628 3176 alii
650 3127 756 3179 autem
779 3135 816 3178 ea
837 3111 997 3178 interdum
1019 3131 1094 3176 usos
1109 3095 1177 3177 esse
1192 3133 1265 3178 eon-

251 3216 416 3284 tenderent
427 3219 477 3295 ⁴⁴).
521 3212 682 3299 Equidem
712 3213 889 3280 Matthiaeo
919 3235 984 3278 non
1012 3214 1181 3290 assentior,
1211 3214 1266 3298 qui

337 3443 378 3515 ⁴²)
400 3445 514 3502 Voealis
530 3461 547 3502 ν
563 3443 702 3518 synizesin
722 3445 790 3499 facit
809 3443 837 3497 in
857 3461 926 3498 voce
938 3433 1087 3522 Ἐρινύων
1108 3447 1183 3517 apud
1198 3445 1263 3499 Eur.

248 3533 309 3608 Ipb.
326 3533 360 3588 Τ.
379 3539 448 3591 931.
468 3539 537 3590 970.
558 3538 662 3599 1456.;
678 3529 706 3584 in
721 3521 841 3606 γενύων
857 3529 930 3601 epud
945 3529 1047 3585 Aeseb.
1064 3529 1141 3602 Sept.
1158 3531 1193 3584 ad
1209 3529 1261 3583 Tb.

253 3625 335 3688 124.;
357 3618 386 3673 in
401 3610 487 3674 δυοῖν
509 3619 582 3691 apud
598 3617 681 3689 Soph.
699 3613 770 3672 Oed.
785 3615 820 3671 R.
839 3621 914 3683 ⁰213
937 3614 966 3670 in
980 3607 1176 3679 κυανώπιδες
1189 3615 1262 3686 apud

249 3704 351 3763 Aeseh.
367 3705 445 3764 Pers.
463 3711 532 3760 559.
546 3731 587 3744 —-
599 3702 663 3758 Alie
678 3701 806 3774 exempla
819 3701 952 3773 syniaasir
966 3701 1069 3758 vocalis
1084 3715 1101 3756 u
1117 3702 1191 3772 apud
1206 3708 1262 3756 tra·

249 3789 326 3864 gieos
340 3809 395 3846 non
409 3789 572 3846 invenimus.
677 3841 678 3846 ,

336 3869 380 3951 ⁴³)
403 3877 482 3932 Pors.
502 3873 594 3931 Praei.
615 3873 651 3928 ad
672 3872 738 3928 Eur.
759 3871 827 3928 Hec.
850 3880 879 3928 et
897 3873 974 3930 Med.
998 3876 1086 3928 1138.
1109 3871 1203 3928 Elmsl.
1226 3873 1263 3927 ad

248 3962 313 4022 Eur.
328 3961 429 4017 Baeeh.
449 3965 539 4016 1132.

337 4039 380 4122 ⁴⁴)
402 4044 502 4102 Marld.
520 4043 556 4100 ad
567 4042 633 4102 Eur.
646 4041 741 4116 Suppl,
756 4049 823 4100 728.
834 4041 954 4099 Brunek.
970 4043 1006 4099 ad
1021 4043 1086 4100 Eur.
1099 4041 1186 4100 Andr.
1202 4049 1260 4098 955

250 4140 279 4190 et
290 4134 326 4190 ad
337 4131 421 4205 Sopb.
433 4132 505 4190 Oed.
515 4128 545 4188 0.
558 4136 647 4187 1624.
659 4129 756 4188 Herm.
768 4127 811 4188 nl.
823 4129 919 4188 Doetr.
931 4133 1010 4187 metr.
1021 4147 1086 4204 pag.
1100 4135 1137 4185 tt
1151 4135 1180 4186 et
1194 4127 1262 4188 121.
