2930 4672
753 397 890 484 34¹,

167 625 173 636 ·
264 611 347 680 duos
375 609 531 696 Elmslejo
558 606 646 677 rocta
674 612 870 697 scripserunt
891 610 1034 681 πλέοντες
1045 615 1107 696 ³²),
1131 616 1175 677 'ot
1197 611 1278 676 anti-

264 713 398 802 stropha
420 713 659 785 accuratissime
680 712 888 799 responderet
910 713 1072 798 strophae,
1094 715 1149 780 ubi
1172 739 1200 780 v.
1216 713 1274 778 tsi

263 816 382 902 legitur
403 818 456 880 τὸν
479 815 604 882 ἀνάλιον
627 815 711 880 οἷκον
734 815 918 891 οἷκετεῦοιςς
949 816 994 878 sio
1022 817 1106 879 enim
1133 817 1166 880 in
1193 825 1280 881 utra·

265 941 329 1004 que
350 929 585 987 monometrum
606 919 844 1005 anapaestioum
866 930 898 988 et
920 917 1091 1003 tripodium
1107 917 1294 1002 jambicam

266 1020 485 1088 catalecticum
512 1021 675 1090 habemus.
719 1016 871 1088 Ceterum
899 1020 1077 1106 spondeus,
1106 1020 1160 1105 qui
1183 1021 1281 1085 conti·

267 1132 361 1189 netur
390 1122 488 1190 verbo
519 1123 688 1197 κλείοντες,
706 1122 888 1204 jamborum
917 1121 1015 1186 initiis
1037 1143 1102 1186 non
1124 1125 1281 1190 convenit

267 1225 344 1298 Jam
359 1225 517 1314 Scaligeri
539 1225 633 1292 lectio
655 1223 776 1298 κυκλὰς,
800 1243 895 1304 quam
915 1221 1098 1300 Barnesius,
1120 1223 1281 1288 Herman-

267 1321 344 1405 nus,
369 1323 547 1393 'Nauokius
586 1327 620 1388 in
662 1333 845 1390 contextum
884 1333 1091 1412 receperunt,
1126 1322 1280 1407 displicet.

267 1429 420 1514 Languet
446 1427 531 1493 enim
559 1425 678 1492 locutio
700 1425 814 1499 κυκλὰς
834 1425 908 1512 ὥρα
928 1424 1138 1512 περινίσοεται
1160 1435 1192 1490 et
1213 1445 1281 1490 ver·

268 1531 347 1596 bum
378 1527 588 1618 περινίοοεται
621 1528 803 1596 accusativo
839 1540 943 1606 caret,
980 1549 1075 1612 quam
1112 1525 1282 1592 desideras.

269 1628 435 1718 Optimam
472 1633 630 1699 medelam
663 1631 739 1696 huie
770 1631 841 1696 loco
875 1629 1022 1695 adhibuit
1053 1626 1284 1704 Kirohhoffius,

267 1733 350 1800 duce
370 1732 536 1817 Hesychia
565 1731 720 1798 librorum
750 1732 823 1820 ὥρα
845 1733 878 1797 in
900 1731 991 1820 ὥρας
1011 1730 1199 1810 emendans,²
1221 1750 1285 1814 qua

266 1833 332 1900 levi
359 1845 541 1900 correctura
567 1845 599 1900 et
621 1834 776 1902 sententia
804 1833 979 1916 elegantior
1000 1831 1035 1896 fit
1058 1843 1088 1900 et
1109 1829 1190 1898 illud
1213 1852 1284 1897 var-

267 1936 343 2004 bum
367 1933 527 2022 objectum
549 1927 654 2000 babet.
721 1943 724 1950 '

314 2029 1040 2122 *ufflfflfflfffflfflQ,

602 2136 750 2222 δυνοίμαν
773 2135 810 2200 δέ
831 2159 868 2200 σε
890 2135 1008 2223 πέρραι

601 2239 689 2324 φάος
709 2237 746 2312 ἐξ
766 2239 848 2304 Ἀίδα
870 2239 1034 2326 τεράμνων
1070 2240 1074 2246 “

477 2333 479 2340 ’
602 2339 748 2405 Κωκυτοῦ
771 2363 805 2403 τε
822 2339 971 2428 ῥεέθρων

601 2441 736 2532 ποταμίᾳ
759 2442 896 2532 νερτέρᾳ
917 2467 951 2508 τε
973 2425 1077 2532 κώπᾳ.Ι

353 2541 424 2607 Hos
457 2563 567 2609 versus
601 2544 675 2608 libri
708 2543 847 2610 maxima
880 2545 1093 2630 discrepantia
1125 2545 1281 2614 exhibent.

269 2635 327 2709 Καὶ
348 2641 495 2708 Κωκυτοῦ
515 2667 550 2708 τε
565 2643 714 2732 ῥεέθρων
736 2646 834 2710 habet
855 2645 893 2724 B,
915 2645 1062 2710 Κωκυτοῦ
1085 2670 1119 2710 τε
1135 2643 1279 2736 ῥεέθρων

270 2740 308 2824 C,
333 2745 386 2824 aaz,
404 2745 561 2811 Κωκυτοῖο
579 2745 713 2834 ῥείθρου
742 2745 774 2826 C,
797 2747 943 2812 Κωκυτοῦ
966 2772 1000 2812 τε
1019 2747 1161 2838 ρεὶθρων
1184 2773 1211 2828 a,
1233 2749 1282 2812 καὶ

269 2844 429 2920 Κωκυτοῒς
445 2845 595 2936 ῥεέθρων
618 2847 659 2914 Β.

186 3032 190 3044 1
355 2945 457 3014 Recte
484 2947 665 3015 observavit
692 2949 929 3028 Kirobhoffius,
958 2952 1109 3018 lectiones
1140 2953 1284 3020 codicum

270 3045 384 3116 OCBa
406 3045 603 3118 correcturas
626 3075 694 3119 osse
716 3041 789 3118 libii
812 3051 971 3132 Vaticani,
995 3055 1048 3140 qui
1071 3065 1138 3142 ipsc
1157 3079 1284 3142 quoque

270 3153 453 3240 corruptela
474 3153 609 3231 laborat,
640 3175 711 3220 cum
741 3176 834 3222 voces
862 3158 913 3219 καὶ
942 3167 973 3221 et
1001 3180 1036 3220 τε
1057 3158 1140 3224 male
1162 3159 1284 3246 positae

270 3254 342 3320 sint.
386 3254 545 3321 Exhibuit
574 3267 680 3323 autem
709 3258 758 3322 vir
787 3257 987 3323 doctissimus
1010 3281 1064 3337 ea,
1094 3279 1178 3344 quae
1199 3257 1284 3324 inB

271 3354 439 3443 leguntur,
468 3359 510 3424 ab
540 3361 627 3425 omni
657 3359 878 3425 emendatione
906 3371 1037 3446 propter
1067 3362 1284 3449 antistrophae

270 3459 419 3526 lacunam
440 3459 494 3525 hio
515 3459 740 3528 abstinendum
763 3483 848 3528 esaar
863 3471 945 3527 atus.
976 3461 1083 3528 Aliter
1105 3463 1166 3530 hae
1188 3464 1228 3528 de
1250 3484 1285 3527 re

271 3563 394 3630 censuit
423 3561 648 3643 Hermaeum,
677 3565 733 3650 qui
754 3585 881 3631 versum
904 3566 1047 3644 tertium,
1078 3567 1129 3631 oui
1151 3564 1231 3629 nihil
1251 3565 1284 3628 in

271 3663 472 3752 antistropha
498 3665 715 3752 responderet,
744 3665 881 3752 primum
909 3667 992 3733 male
1018 3688 1076 3752 pro
1098 3667 1205 3752 spurio
1228 3665 1284 3731 ha·

319 3957 324 3968 .
359 3907 403 3983 ³¹2)
426 3903 507 3968 xlta
518 3931 569 3985 pro
582 3911 690 3985 vulgari
701 3905 791 3968 κλείω
803 3913 905 3986 legitur
916 3913 988 3987 apud
999 3913 1066 3970 Eur.
1079 3911 1138 3990 Iph.
1150 3915 1183 3971 Α.
1197 3921 1284 3974 1046.

271 3985 426 4054 κλέουσαι.
438 4025 480 4039 --
491 3997 634 4054 Passimm
645 3990 772 4075 κλέομαι
783 4001 856 4072 apud
867 3999 1026 4070 Homerum,
1038 3999 1187 4076 Pindarum
1203 4005 1283 4060 elios·

271 4084 494 4157 wanpose·
508 4084 610 4158 passim
625 4086 752 4145 ooaarnt
1198 4107 1201 4115 ¹
