2964 4678
774 439 815 505 ²0

282 649 437 734 spondeat
460 657 556 730 (esset
577 651 663 716 enim
684 641 870 736 lastroplra
892 664 923 716 st
946 655 976 716 in
1000 652 1198 741 antistropha
1222 655 1297 720 cho·

281 749 425 818 niembus
446 763 477 816 et
498 751 631 837 dipodia
648 753 820 836 jammes),
848 755 872 818 si
900 755 1027 840 optimis
1049 753 1141 822 libris
1164 757 1296 841 adjuva

281 874 398 931 remur,
421 852 557 920 libenter
580 863 766 921 teneremus.

421 1014 450 1054 v.
478 987 545 1056 lut.
634 991 709 1057 οὐδὲ
732 993 856 1057 νεολαία

568 1096 679 1160 dodosi
693 1099 766 1185 χεὶρ
790 1101 950 1180 γυναικῶν.

365 1225 420 1294 Sio
442 1230 560 1296 habent
582 1231 655 1296 libri
677 1233 718 1298 ad
741 1255 839 1298 unum
861 1254 978 1306 omnes,
1003 1231 1152 1316 idemque
1167 1231 1296 1324 exhibet

279 1325 517 1408 Kirehhuffius,
547 1355 657 1398 vocem
686 1335 809 1398 νεολαία
831 1345 1014 1417 corruptam
1039 1332 1098 1398 sibi
1122 1333 1222 1400 videri
1246 1333 1293 1396 dr
1301 1338 1304 1348 '

279 1432 582 1512 oens‚Dind01fius,
605 1434 813 1512 Matthiaeus‚
838 1433 1054 1511 Hermauaus,
1077 1435 1132 1544 qui
1154 1434 1215 1498 hoo
1236 1455 1292 1499 vo-

278 1532 429 1598 cabulum
452 1547 567 1601 natura
590 1559 648 1602 sua
646 1524 876 1624 adjectivum
885 1560 953 1604 csse
974 1532 1090 1608 mone't
1125 1535 1294 1621 Pfluglrius

277 1645 309 1700 et
330 1633 496 1702 Nauokius
526 1662 543 1706 e
555 1642 752 1729 conjectura
781 1641 814 1705 in
838 1636 1034 1706 contextum
1044 1636 1235 1726 receperunt
1257 1639 1293 1702 οὐ

278 1737 449 1816 νεολαία;
436 1736 503 1822 Jam
527 1737 672 1818 Bothius‚
697 1738 822 1807 Aldum
845 1755 875 1808 et
898 1741 976 1807 alias
998 1743 1118 1826 priscas
1140 1740 1295 1807 editiones

277 1848 414 1953 sentitus¹
434 1841 531 1909 habet
554 1844 608 1908 οὐ
615 1843 749 1922 νεολαῖα,
770 1845 854 1907 hanc
875 1863 987 1908 vocem
1005 1841 1221 1908 accusativum
1238 1861 1293 1928 ge·

276 1938 361 2008 n'eri's
384 1943 527 2010 neutrius
550 1952 736 2022 deseratus,
760 1945 813 2028 qui
837 1943 876 2009 sit
906 1943 1072 2026 objectum'
1089 1943 1136 2008 “ad
1159 1945 1291 2010 verbum

276 2043 390 2109 δοοπεΐ.
430 2041 535 2110 Vertit
563 2045 735 2128 ignorata
757 2045 843 2110 huno
864 2045 985 2113 locum:
1017 2061 1093 2110 non
1123 2045 1299 2130 plangit

276 2139 511 2234 (deplorat)
534 2139 677 2211 manns
707 2145 927 2214 mulierum
951 2169 1031 2214 rem
1054 2167 1198 2215 novam
1221 2147 1239 2212 i.
1256 2166 1290 2214 ‘a

275 2245 512 2314 Alcestidia
541 2259 718 2314 mortem
763 2249 918 2315 Musurus
948 2247 1063 2316 deinde
1086 2249 1191 2318 deleta
1214 2271 1292 2317 voce

271 2349 343 2438 χείρ
366 2359 522 2416 tuetur
495 2351 531 2414 od
555 2351 667 2416 donnes
687 2353 815 2416 νεολαῖα
832 2355 994 2438 γυναικῶν,
1019 2353 1210 2420 vocabulum
1227 2375 1291 2419 νεο-

274 2450 354 2516 luia
367 2443 625 2519 'substantlvum'
625 2479 692 2522 esse
714 2455 905 2522 existimaus.

358 2569 537 2638 Scholiasta
575 2575 712 2659 denique
746 2577 786 2639 ad
820 2577 906 2643 huno
939 2565 1043 2641 locuni
1077 2551 1157 2636 haec
1194 2557 1295 2633 uicit?

273 2675 454 2752 νεολαία,
486 2674 562 2740 νέα.
593 2677 711 2764 κυρίως
740 2676 776 2742 δὲ
798 2681 815 2742 ὁ
839 2679 872 2742 ἐκ
901 2679 964 2741 τῶν
995 2676 1072 2738 νέων
1103 2671 1207 2760 ὄχλος.
1232 2673 1286 2733 νῦν

272 2776 385 2863 δὲτὴν
408 2776 606 2861 ἀκμάζουσαν
629 2778 739 2842 καλ”
702 2803 827 2844 εοτονον
846 2778 942 2868 ’χεῖρα
964 2775 1111 2876 σημαίνει.

356 2894 395 2959 Ια
426 2895 487 2960 hac
517 2907 605 2994 tanta
635 2895 807 2965 lectionum
838 2895 1050 2978 discrepantia
1079 2889 1209 2956 difficile
1239 2903 1286 2956 est

272 2995 423 3076 divinare,
448 3021 529 3084 quae
551 3002 689 3085 genuina
712 3002 783 3065 sint.
828 2996 988 3082 Equidem
1012 2990 1285 3080 persuasissimum

271 3097 382 3177 liabeo,
405 3099 560 3168 librorum
583 3103 749 3167 lectionem
774 3109 954 3220 corruptam
970 3117 1046 3174 esse,
1069 3093 1189 3182 quippe
1203 3117 1286 3182 qaae
1342 3117 1345 3124 ’

240 3277 243 3284 ,
270 3203 374 3268 versui
391 3202 553 3290 strophioo
569 3201 605 3268 91
634 3203 662 3266 εἷ
683 3202 743 3288 γὰρ
762 3199 954 3286 perustam
974 3198 1053 3273 ἄτας
1073 3218 1137 3264 non
1153 3219 1284 3285 respon·
1358 3277 1360 3280 Ι

271 3298 352 3368 deat.
399 3305 464 3373 Sed
487 3326 591 3389 neque
613 3300 762 3378 Nauckii,
786 3323 889 3386 neque
912 3297 1046 3367 aliorum
1069 3297 1193 3368 medela
1214 3309 1294 3369 eom·

269 3407 402 3470 sonavit.
436 3401 471 3471 Si
487 3402 537 3483 id,
561 3404 647 3487 quod
670 3401 885 3486 adstipulante
901 3401 1089 3504 Hermanno
1106 3401 1285 3470 Scholiasta

269 3509 354 3584 dicit,
371 3531 480 3573 verum
497 3519 586 3580 esset,
608 3505 646 3567 od
666 3503 800 3568 νεολαία
818 3504 997 3570 δοοπεῖἳ
942 3511 1025 3595 peip·
1037 3498 1191 3591 salutaria
1205 3507 1283 3568 scri-

269 3612 394 3696 pserim,
417 3609 525 3672 haee'
517 3620 562 3672 ua
584 3619 726 3672 vertens:
748 3624 827 3672 non
848 3609 1055 3694 'strepitat
1073 3607 1283 3691 juvenilis

269 3711 489 3776 mulierum
520 3713 669 3775 manus.
699 3711 761 3773 ‘'At
791 3730 853 3774 vox
885 3709 1028 3782 νεόλαιος
1055 3732 1095 3774 ne
1124 3710 1283 3775 invenitur

266 3807 395 3897 quidern'
411 3813 496 3899 apud
513 3811 666 3889 Graeoos,
690 3824 730 3888 et,
746 3812 772 3876 si
789 3812 992 3888 inveniretur,
1015 3811 1190 3877 dicendum
1201 3825 1281 3877 asset

267 3913 322 3980 hio·
342 3915 483 3986 νεόλαιος
498 3918 581 4004 χεὶρ,
604 3915 681 3999 quia
702 3927 784 3979 esset
800 3915 996 3994 ‘adjectivum
1012 3935 1052 3978 ax
1068 3914 1188 3988 uincet
1204 3914 1295 3987 ldae·

267 4018 483 4103 compositum.
528 4017 642 4101 Itaque
663 4017 718 4101 qul
741 4015 956 4090 hunolueam
979 4017 1205 4081 emendaturus
1225 4031 1295 4093 aaut

266 4117 294 4183 is
315 4119 485 4187 lectionem
509 4119 910 4196 arolamtenentneoesse
930 4129 990 4196 est,
1013 4132 1049 4185 ut
1071 4119 1112 4184 sit
1133 4119 1280 4186 subeam
