2964 4678
746 420 789 506 do

258 652 454 739 interpositis
488 652 662 738 disjuncte,
695 651 897 718 durissimum
931 651 1029 718 efficit
1061 651 1271 740 hyperbaton.

257 751 391 820 Frustra
406 777 534 840 quoque
548 755 713 821 Nauckius
737 755 803 840 ἐμοὶ
820 753 962 820 'scribere
978 753 1101 834 suadet,
1123 779 1187 842 que
1202 775 1271 820 cor-

153 895 156 909 ·
258 869 384 924 recture
406 857 485 922 nihil
507 857 740 944 consequimur.

259 985 288 1025 v.
311 959 498 1044 6221&ch
521 961 546 1025 τ’
567 959 607 1025 ἄν
630 959 709 1035 ἔζων
727 959 810 1050 pide
832 961 885 1024 τὸν
909 960 1014 1025 λοιπὸν
1032 960 1152 1050 χρόνον

404 1062 479 1126 κούκ
501 1063 538 1126 ἂν
556 1061 718 1148 ρονωύεὶς
738 1061 863 1127 ἔστενον
885 1067 994 1136 κακοῖς
1013 1063 1108 1148 ἐμοῖς.

344 1163 433 1231 Male
455 1163 686 1238 Kimhhoffiue
710 1163 854 1239 Bothius‚
878 1163 996 1246 aliique
1019 1165 1211 1230 deteriorum
1233 1167 1272 1232 li-

261 1267 392 1332 brorum
415 1265 583 1332 lectionem
606 1263 678 1354 ἔζην
701 1275 846 1338 tuentur,
869 1286 951 1347 quoe
972 1265 1149 1348 imperfecti
1170 1267 1273 1330 forme

260 1379 444 1453 quenquam
467 1391 486 1432 c
509 1366 726 1438 Demosthene
754 1365 916 1432 interdurn
945 1376 1098 1450 usurpate
1126 1380 1172 1432 est
1201 1377 1232 1432 et
1254 1389 1273 1430 a

260 1470 408 1536 Moeride
429 1480 525 1554 etque
546 1469 733 1536 Herodiano
757 1481 792 1533 ut
821 1469 916 1533 attice
946 1467 1202 1545 commendetur,
1232 1467 1272 1532 ab

260 1571 386 1655 optimis
416 1582 521 1638 temen
552 1572 718 1637 codicibus
747 1593 811 1636 non
841 1572 1025 1656 agnoscitur
1055 1581 1086 1635 et
1108 1593 1127 1634 a
1148 1569 1274 1634 Thomu

260 1671 420 1758 Magistro
442 1673 538 1758 plone
558 1674 700 1760 rejicitur
714 1677 765 1753 ³⁸).
812 1671 877 1740 Sed
901 1685 985 1738 recte
999 1669 1197 1738 Kirchoffius
1216 1673 1274 1736 hos

261 1797 371 1842 versus
393 1775 519 1862 'spurios
541 1799 609 1844 esse
625 1777 758 1862 judicet,
781 1787 892 1861 utpote
915 1775 970 1860 qui
992 1797 1032 1841 ex
1055 1775 1084 1840 h.
1100 1777 1121 1840 f.
1137 1799 1187 1840 vv.
1204 1774 1273 1840 306.

263 1881 291 1943 7.
314 1877 440 1962 repetiti
462 1879 541 1955 sint;
564 1879 648 1946 adde
671 1891 843 1964 praeterea,
867 1879 943 1961 quia
965 1877 1123 1942 simillima
1149 1889 1274 1943 senten-

262 1981 307 2045 tio
324 1982 392 2064 jem
413 2005 464 2047 vv.
488 1979 558 2046 660.
582 1981 633 2047 61.
655 1979 785 2072 βραχύς
805 1980 842 2045 δέ
864 2003 914 2044 σοι
935 1981 1092 2054 πύντωςύ
1109 1979 1218 2053 λοιπὸς
1237 1979 1276 2071 ἦν

260 2083 418 2166 βιώσιρος
441 2082 565 2171 χρόνος
592 2103 742 2168 expressa
771 2095 819 2147 eet
847 2096 878 2148 et
901 2083 976 2168 quia
998 2103 1092 2150 voces
1115 2079 1224 2160 λοιπὸς
1245 2093 1276 2148 et

257 2183 382 2274 χρόνος
415 2184 448 2249 in
482 2183 608 2250 duobus
641 2181 909 2270 subsequentibus
943 2186 1088 2254 versibus
1124 2186 1276 2272 repetitae

261 2285 437 2353 offendunt.

262 2412 292 2454 v.
315 2385 385 2454 684.
408 2388 472 2454 XO.
495 2387 652 2453 παύσασθ’
670 2388 745 2464 ἅλις
765 2388 826 2476 γὰρ
849 2391 876 2478 ἦ
890 2391 1039 2476 παροῦσα
1061 2392 1220 2478 συμφοραί·

296 2501 299 2506 ’
493 2491 519 2555 ὦ
542 2493 604 2555 παῖ·
627 2493 750 2578 πατρὸς
769 2491 806 2554 δέ
823 2491 868 2579 μὴ
890 2490 1075 2580 παροξύνρς
1094 2491 1226 2581 φρένας.

361 2633 366 2644 ·
408 2592 469 2660 ΦΕ.
492 2592 519 2657 ὦ
542 2596 604 2676 παῖ,
633 2593 687 2656 τίν’
715 2593 832 2682 αὐχεῖς,
859 2593 976 2682 πότερα
998 2593 1101 2658 Λυδὸν
1123 2594 1142 2684 ἢ
1167 2595 1273 2683 Φρύγα

491 2699 600 2782 κακοῖς
619 2695 758 2760 ἐλαύνειν
780 2696 1005 2786 ἀργορώνητον
1028 2695 1139 2776 cidem

349 2787 521 2880 Elmslejue
543 2799 734 2864 assentiente
755 2796 958 2864 Kirohhoffio
978 2811 1009 2865 et
1022 2797 1167 2866 Neuokio
1183 2819 1275 2864 voees

265 2901 292 2966 ὦ
314 2905 370 2965 παῖ
390 2925 429 2966 ex
451 2923 545 2968 versu
568 2901 660 2968 tertio
690 2903 724 2968 in
754 2901 929 2968 secuudum
958 2901 1064 2967 illatos
1086 2925 1154 2969 esse
1176 2911 1275 2988 putat.

264 3003 425 3089 Equidem
446 3025 500 3069 ees
522 3025 616 3070 versu
638 3003 731 3072 tertio
754 3005 837 3072 male
859 3005 991 3070 insertas
1006 3026 1073 3070 esee
1089 3027 1275 3090 persuasum

264 3105 377 3172 habeo.
420 3105 524 3183 Decet
545 3107 629 3172 enim
651 3130 757 3186 senes,
787 3131 827 3175 ex
856 3107 974 3192 quibus
1000 3106 1116 3173 chorus
1143 3119 1276 3186 constet,

264 3202 392 3272 nomine
419 3211 475 3270 παῖ
501 3206 551 3274 vel
581 3229 688 3292 regern
718 3209 895 3296 appellorej
930 3207 1076 3295 displicet
1105 3221 1210 3276 autem
1232 3209 1275 3275 si-

264 3309 340 3375 mile
362 3307 508 3376 Pheretis
530 3311 681 3377 orationis
703 3313 844 3390 initium,
873 3331 945 3376 cum
966 3313 1109 3379 homines
1130 3314 1178 3377 ire
1200 3333 1275 3380 exa·

265 3411 396 3489 corbati,
418 3421 454 3476 ut
476 3423 523 3478 eet
546 3411 676 3492 Pheres,
699 3428 764 3479 tam
788 3413 906 3478 blande
928 3413 1121 3482 allocutione
1142 3415 1189 3480 uti
1211 3435 1275 3478 non

265 3511 397 3580 sdlecnt.
422 3511 629 3598 Quapropter
644 3515 729 3580 houd
753 3515 817 3580 scio
840 3537 880 3580 au
902 3538 974 3582 cum
996 3516 1113 3582 Bothio
1136 3517 1276 3582 scribon·

266 3616 342 3679 dum
364 3614 404 3680 eit
425 3617 531 3700 nonai,
554 3617 609 3681 τίν’
631 3618 741 3710 αὐχεῖς
761 3642 786 3684 κ.
803 3641 829 3682 τ.
846 3619 869 3682 ἑ.
900 3617 1066 3686 Perticule
1081 3621 1177 3683 παπαὶ
1192 3617 1275 3686 euim

188 3730 191 3738 ’
265 3717 360 3782 variis
376 3717 542 3784 affectibus
557 3719 654 3785 servit
669 3721 893 3804 exprimendis,
909 3723 996 3788 velut
1011 3721 1121 3797 dolori,
1137 3717 1275 3788 admira-

265 3813 342 3884 tioni
364 3821 409 3886 rei
431 3821 584 3906 ingratae,
609 3824 819 3908 contemptui,
850 3846 984 3909 querum
1007 3823 1275 3909 significationum

265 4126 303 4206 l(
353 4048 401 4214 ³3
417 4053 451 4108 es
478 4052 562 4130 Soph.
588 4051 631 4112 El.
659 4059 729 4112 ete.
761 4045 884 4136 σέποιύ,
913 4047 978 4116 ἐπεὶ
1006 4046 1059 4114 τᾶν
1088 4048 1124 4114 ού
1149 4048 1275 4138 μακρὰν

299 4151 343 4194 ων
401 4153 437 4194 ω.
1015 4147 1018 4156 ¹
