2964 4678
269 625 532 702 remtrsnsitur,
561 636 593 690 et
614 647 633 690 u
654 626 801 709 tragicis,
824 629 879 693 ubi
900 651 984 695 nove
1008 653 1143 715 persons
1165 634 1197 698 in
1219 655 1286 701 soe·

272 729 488 826 nsmlprodit.
522 727 600 797 sec
621 743 758 815 utreque
786 735 881 800 leutio
903 734 955 798 hic
977 735 1105 801 tolerari
1128 757 1222 821 posse
1242 738 1287 803 vi·

273 830 376 898 detur.
421 828 546 912 Quodsi
566 830 660 898 ‘enim
691 835 740 896 καὶ
762 833 802 922 dr)
831 833 912 919 legis
920 881 929 912 ‚
960 835 1091 902 Admeti
1120 841 1217 905 verbe
1244 841 1288 908 ito

270 933 483 1017 intelligendu
504 945 589 1012 sunt,
611 947 647 999 ut
669 935 736 1000 sine
752 935 820 1000 uilo
834 939 1034 1004 cunctatione
1048 935 1199 1006 Herculis
1214 963 1287 1026 pre·

272 1033 362 1099 cibus
384 1037 554 1113 concedut3
585 1035 634 1101 sin
658 1047 762 1102 sutem
786 1039 835 1102 καλ
853 1040 927 1134 μὴν,Ι
955 1039 1101 1118 (vocibus
1123 1042 1159 1105 oo
1181 1044 1287 1130 τολμῶ

273 1155 314 1203 ex
335 1151 429 1203 versu
447 1139 661 1204 *antecedenti
690 1140 885 1217 subeuditis)
913 1153 965 1219 ut,
993 1143 1139 1226 quemvis
1168 1144 1288 1212 invitus

270 1239 309 1304 id·
327 1239 431 1316 fuoiet,
454 1229 659 1307 nibilominus
681 1251 787 1306 tumen
803 1244 892 1308 heron
907 1245 1127 1328 morigeretur.
1162 1245 1287 1329 Itaque,

271 1341 332 1406 nisi
355 1343 437 1409 forte
458 1343 669 1428 praejudicati
692 1343 769 1426 quid
792 1345 944 1422 ieramus,
974 1348 1101 1432 optimis
1122 1346 1285 1412 codicibus

270 1461 427 1507 summum
448 1443 569 1527 ubique
582 1444 801 1510 auctoritatem
818 1443 1021 1513 tribuendam
1037 1445 1186 1524 emeriti,
1207 1447 1284 1531 qnid

270 1541 442 1630 Euripides
465 1543 516 1610 hic
535 1545 709 1628 scripserit,
736 1547 854 1629 quaeri
871 1560 983 1631 potest.

269 1661 1288 1778 mmmmmwmmfflmffl

651 1783 654 1790 ’
677 1787 731 1850 τὸν
754 1785 827 1856 Διὸς
907 1843 909 1851 ,

547 1887 662 1976 φήσεις
682 1887 749 1951 πότ’
773 1887 849 1952 εἶναι
871 1889 966 1952 παῖδα
987 1893 1127 1973 γενναῖον
1151 1887 1251 1984 ξένσν.

353 2021 407 2090 Sic
430 2023 560 2108 quidem
582 2024 672 2102 libri,
695 2027 782 2109 quod
804 2025 958 2103 Bothius,
983 2025 1146 2090 Nauckius
1168 2024 1286 2108 aliique

271 2123 412 2211 amplexi
442 2135 516 2190 sunt
524 2149 533 2200 3
564 2125 673 2209 paullo
704 2125 817 2193 melius
838 2125 1060 2194 Kirchhosfius
1081 2125 1208 2212 scripsit
1231 2129 1285 2193 νῦν

268 2246 327 2312 pro
350 2249 413 2293 νυν.
444 2225 602 2310 Equidem
627 2213 800 2312 praecunte
823 2227 957 2294 Moukio
981 2238 1109 2312 poetam
1123 2227 1286 2312 scripsisse

268 2327 414 2414 suspicor
436 2351 481 2392 νιν
503 2327 650 2418 (καύτὴν).
682 2328 770 2414 Apte
793 2329 876 2393 enim
899 2327 1066 2406 Hercules,
1088 2327 1286 2415 Alcestidem

269 2427 410 2498 Admeto
432 2430 571 2508 trudens.
593 2431 875 2504 cumhioooluruem,
893 2430 1020 2508 ¹servuri
1040 2430 1137 2518 cupit.
1171 2429 1285 2498 Lectio

268 2531 353 2606 σῶζε
373 2535 428 2603 ,νῦν
452 2545 557 2608 eutem
580 2532 771 2618 explicando
795 2545 842 2601 eet
864 2553 922 2618 per
944 2533 1036 2600 vele
1057 2549 1179 2611 nuno,
1193 2557 1285 2629 „quus

269 2635 435 2711 sententie,
457 2657 528 2700 cum
552 2633 710 2700 Hercules
728 2633 796 2717 jum
814 2634 881 2716 jan
905 2632 1048 2700 abiturus
1071 2634 1210 2705 Admeto
1233 2635 1281 2701 ul·

266 2735 380 2800 timum
410 2734 481 2802 vele
511 2734 627 2800 dixerit
658 2735 702 2818 (v.
729 2735 810 2800 1152
833 2735 882 2798 καλ
905 2737 1027 2824 χαῖρ’),
1058 2736 1111 2805 hic
1140 2755 1201 2805 non
1231 2756 1278 2814 re·

266 2836 413 2920 quiritur.

269 3009 299 3052 v.
325 2987 414 3054 1126.
437 2988 497 3054 An.
521 2986 547 3052 ὦ
569 2985 647 3072 eieci,
669 2987 700 3054 τί
719 2989 859 3068 λεύσσω;
880 2991 976 3078 θαῦμ’
998 2991 1180 3057 ἀνέλπιστον
1201 2991 1282 3056 τόδε·

520 3093 649 3174 γυναῖκα
672 3091 796 3157 λεύσσω
818 3095 873 3184 τὴν
895 3094 970 3184 ἐμὴν
993 3094 1160 3182 ἐπωνύμως.

298 3290 301 3302 .
351 3241 525 3322 Nnuokius,
547 3244 684 3318 Bothiue
706 3247 824 3332 aliique
845 3245 973 3331 optimis
995 3245 1089 3315 libris
1102 3247 1210 3322 inuitis
1233 3257 1283 3312 tu·

268 3355 362 3416 estur
384 3368 476 3417 versu
493 3347 595 3432 primo
619 3349 711 3432 λέξω,
734 3349 821 3433 quod
840 3345 939 3414 ABG
957 3347 1085 3416 hebent.
1116 3346 1182 3422 Sed
1204 3348 1283 3419 veri

267 3447 401 3520 similius
417 3460 473 3528 est,
495 3471 577 3527 eum,
599 3451 655 3535 qui
670 3451 791 3536 aliquid
812 3458 939 3536 prietes
954 3449 1138 3535 opinionem
1161 3451 1283 3524 videt,

266 3549 446 3618 exclamare
473 3552 572 3636 quid
603 3554 742 3628 video,
776 3575 871 3638 quam
900 3552 999 3636 quid
1028 3552 1169 3616 dionm.
1206 3549 1282 3614 Jem

267 3651 401 3718 verbum
424 3651 558 3735 λεύσσω,
582 3653 669 3738 quod
685 3653 758 3718 illos
781 3653 866 3719 viros
888 3653 999 3722 doctos
1021 3651 1164 3753 offendit,
1187 3673 1281 3718 versu

266 3754 407 3852 secundo
440 3754 674 3850 elegentissime
712 3755 878 3850 repetitur.
929 3753 1046 3822 Nostra
1079 3752 1125 3820 sic
1159 3765 1281 3830 vertes:

267 3849 397 3933 Odii,
427 3853 525 3941 quid
556 3853 703 3924 video?
726 3854 885 3926 ..uideo
908 3877 1084 3924 uxorem.
1121 3857 1283 3948 Admetus

265 3955 364 4045 igitur
386 3979 420 4044 ee
442 3959 547 4043 ipsum
570 3958 747 4047 interroget
768 3961 882 4030 etsibi
901 3962 973 4050 ⁸ipsc
994 3960 1175 4046 respondet.

308 4114 336 4159 ν.
363 4092 454 4160 1130.
476 4094 537 4160 ΑΔ.
561 4095 624 4185 ripa
645 4119 682 4181 γε
700 4099 744 4187 μή
766 4121 794 4163 τι
815 4099 926 4186 φάσμα
948 4095 1108 4187 νερτέρων
1127 4095 1193 4160 rti’
1214 4091 1267 4186 ᾐμ·
