2964 4678
246 405 300 478 Π
408 339 416 354 ,

246 623 356 700 aliam
395 620 575 698 medelam
619 621 821 698 innumeris
864 621 954 695 locis
988 623 1130 696 vexatis
1165 620 1263 697 adhi-

245 759 392 836 bebant.
444 757 526 834 Hoc
551 760 629 835 veri
665 757 869 859 reperiendi
906 759 1027 833 studio
1055 784 1264 859 quanquam

247 897 449 996 permultae
462 877 687 973 inveteratae
701 898 933 996 insulsaeque
947 898 1123 972 lectiones
1142 921 1161 970 e
1179 921 1262 971 con·

247 1043 353 1112 textu
369 1043 530 1109 remotae
548 1042 651 1126 sunt,
669 1034 897 1132 aliquantum
914 1043 1037 1108 tamen
1057 1036 1265 1108 etiamnunc

249 1171 295 1247 ab
323 1169 513 1246 emendato
540 1167 714 1269 Euripide
749 1169 923 1244 distamus
960 1181 995 1244 et
1027 1195 1120 1269 quae
1148 1172 1263 1246 subsi-

249 1308 396 1384 diorum
413 1317 626 1383 nostrorum
644 1307 805 1383 conditio
824 1317 891 1402 est,
910 1318 1039 1408 poetae
1058 1307 1265 1407 tragoedias

248 1447 313 1522 vix
338 1468 497 1542 unquam
524 1418 674 1520 omnino
701 1449 830 1546 planas
858 1456 895 1519 et
920 1448 1132 1545 perspicuas
1155 1445 1263 1520 habe·

247 1580 377 1658 bimus.
422 1579 652 1682 Quapropter
670 1583 776 1659 nobis
795 1583 984 1658 literarum
1003 1608 1150 1660 arenam
1169 1609 1265 1658 nunc

246 1720 405 1819 primum
430 1720 717 1820 ingredientibus
736 1722 925 1796 excusatio
945 1719 1068 1814 detur,
1095 1723 1143 1812 si,
1170 1719 1263 1796 diffi-

247 1858 383 1933 cillimo
410 1856 658 1932 emendandae
684 1855 883 1930 Alcestidis
909 1858 1055 1956 negotio
1083 1872 1264 1957 suscepto,

247 2018 340 2092 quae
373 1992 481 2068 nobis
516 1993 627 2068 aliter
655 2004 766 2091 atque
792 1994 880 2070 viris
915 1993 1034 2069 doctis
1061 1995 1139 2072 visa
1166 2003 1263 2088 sunt,

248 2153 291 2205 aa
317 2127 481 2230 proferre
515 2155 591 2206 non
624 2131 732 2206 veriti
766 2155 904 2206 sumus.
968 2129 1114 2208 Etenim
1140 2141 1263 2208 tantae

247 2266 478 2365 arrogantiae
505 2291 579 2341 non
612 2292 756 2362 sumus,
792 2279 835 2344 ut
861 2293 929 2344 nos
955 2267 1097 2347 fabulae
1123 2267 1263 2368 Euripi·

245 2402 335 2482 dese
362 2412 590 2498 contextum,
626 2405 724 2504 quod
749 2406 820 2485 illis
856 2405 975 2482 adhuc
1001 2432 1076 2481 non
1102 2409 1263 2507 contigit,

244 2543 483 2620 restituturos
514 2568 593 2620 esse
626 2555 813 2653 putemus;
846 2543 911 2618 sed
937 2547 968 2618 si
994 2543 1128 2640 aliquid
1155 2545 1263 2618 alicui

242 2689 345 2755 recte
372 2677 508 2754 vidisse
535 2679 789 2778 probabimur,
824 2678 1019 2777 perbeatos
1046 2704 1114 2753 nos
1140 2681 1263 2778 potius
1382 2701 1391 2720 “

244 2813 553 2908 existimabimus,
580 2817 639 2892 sin
665 2826 789 2891 autem
813 2840 859 2890 ue
886 2814 956 2889 hoc
982 2815 1132 2913 quidem
1154 2814 1262 2889 nobis

244 2951 465 3028 concesserit
492 2951 654 3029 eruditus
686 2954 817 3046 lector,
853 2964 930 3028 tum
956 2978 1043 3028 sane
1076 2951 1168 3028 nihil
1201 2952 1261 3026 ha·

242 3089 388 3181 bemus,
415 3112 488 3186 quo
514 3115 582 3166 nos
608 3092 855 3183 consolemur,
882 3092 955 3166 nisi
982 3115 1025 3164 ea
1051 3115 1145 3188 quae
1164 3089 1261 3190 apud

243 3222 436 3303 Platonem
471 3225 638 3304 Socrates
673 3227 769 3305 dixit
802 3243 881 3308 ἀλλὰ
910 3245 960 3308 καὶ
989 3243 1198 3334 ἐπιχειροῦντί
1215 3268 1262 3308 τοι
1391 3341 1395 3347 .

242 3371 311 3445 τοῖς
338 3370 447 3446 καλοῖς
474 3369 569 3436 καλὸν
595 3371 645 3435 καὶ
671 3373 804 3460 πάσχειν
827 3372 873 3435 ὅτι
895 3370 932 3436 ἄν
955 3394 1001 3459 τῳ
1024 3371 1128 3460 forasti)
1150 3369 1260 3436 nadair

244 3510 370 3599 abque,
394 3498 487 3574 illud
527 3498 792 3576 Menandreum
825 3515 922 3605 τόλμῃ
953 3517 1057 3603 δικαίᾳ
1097 3517 1146 3581 καὶ
1183 3513 1263 3588 θεὸς

244 3632 492 3722 συλλαμβάνω

346 3777 465 3871 Atque
492 3775 631 3850 omissa
654 3773 903 3875 disputatione
935 3773 981 3848 de
1008 3773 1259 3875 orthographi-

244 3909 296 3984 cis
322 3908 395 3984 illis
421 3922 460 3983 et
485 3913 733 4011 grammaticis
761 3911 940 4002 minutiis,
967 3911 1005 3984 in
1033 3910 1166 4007 quibus
1185 3912 1257 3988 edi·

243 4056 344 4123 tores
370 4048 517 4149 saepius
550 4049 647 4124 inter
679 4075 719 4125 se
751 4049 982 4141 dissentiunt,
1018 4073 1080 4123 eos
1116 4051 1257 4148 potissi·
