2964 4678
363 642 499 715 Bothius
521 643 656 732 deniquo
679 672 773 729 unus,
793 649 881 734 quod
896 651 1003 727 sciam,
1027 651 1168 720 virorum
1185 655 1293 722 docto-

279 766 362 825 rum,
385 761 544 834 expuncto
566 751 724 820 vocabulo
743 751 915 836 βασιλειαν,
939 754 1026 838 quod
1050 776 1122 820 cum
1145 770 1294 843 sequatur

279 846 390 916 Πελισν
420 857 494 926 παῖς
513 846 679 942 ’Ἄλκηστις
707 853 928 939 explicationis
957 857 1096 941 speciem
1126 857 1243 926 habeat
1265 872 1295 928 et

280 953 348 1018 sine
369 954 542 1021 sententiae
564 955 754 1023 detrimento
776 957 887 1040 abesss
906 961 1016 1044 possit,
1039 960 1203 1046 ejectaque
1219 984 1297 1030 voce

278 1057 353 1138 φῶς
373 1053 560 1139 Euripidem
583 1057 661 1122 haec
683 1059 844 1143 scripsisse
866 1061 1064 1146 suspicatur:
1305 1079 1306 1082 ’

429 1175 495 1264 χρὴ
510 1172 649 1252 σενιιεῖν,
672 1173 692 1262 ἢ
715 1175 790 1248 ζῶσ’
812 1174 855 1265 ἔτι
878 1177 1004 1243 λεύσσει

434 1277 543 1343 Πελίου
565 1276 637 1374 τόδε
658 1273 921 1368 παῖςἎλκηστις,
944 1281 1011 1366 ἐμοὶ
1033 1305 1059 1347 ιι.
1082 1306 1107 1346 τ.
1130 1284 1165 1359 ἐ,

279 1395 334 1460 ubi
357 1419 467 1462 vocem
489 1397 577 1474 τάδε,
607 1388 878 1480 quemadmodum
908 1403 951 1468 in
971 1401 1077 1468 verbis
1103 1402 1295 1475 lauciscit

280 1498 355 1561 hoc
371 1499 439 1581 jam
462 1499 548 1584 apud
571 1498 722 1564 Plautum
745 1513 777 1566 et
798 1502 1005 1583 Terentium,
1035 1502 1216 1578 ιιειιιιιικῶς
1237 1526 1294 1591 pro

163 1608 165 1611 ’
279 1599 375 1664 luce
396 1621 452 1666 seu
474 1601 592 1666 coelo
615 1619 803 1688 usurpatam
826 1627 911 1673 esse
910 1607 1088 1674 contendit.

362 1701 523 1786 Equidem
547 1705 629 1768 hunc
651 1705 778 1785 locum,
808 1722 844 1774 ut
866 1733 885 1773 a
908 1711 1185 1796 praestantissimis
1207 1710 1295 1775 oodi-

279 1791 368 1870 cibus
390 1805 568 1884 exhibetur,
591 1810 791 1876 sanissimum
814 1833 882 1879 esee
903 1824 993 1897 puto,
1017 1834 1075 1879 nec
1098 1813 1197 1877 ullam
1220 1833 1294 1877 cau

280 1930 348 1972 sam
370 1909 473 1985 video,
495 1932 553 1976 cur
574 1910 604 1975 ei
626 1913 749 1979 medela
772 1913 924 1978 adhibeat
911 1925 974 1978 t.·ur
1086 1922 1110 1967 ἢ

324 2014 375 2087 Τις
395 2014 540 2087 πέλας
515 2037 541 2078 s1
564 2014 597 2078 ιιι
602 2016 739 2099 optimis
754 2015 843 2080 libris
858 2016 1036 2100 legeretur,
1059 2017 1215 2100 placerem
1239 2016 1295 2082 sed

279 2117 392 2180 vocula
421 2140 470 2190 τις
504 2117 670 2183 manifesto
705 2119 897 2202 interpolata
932 2129 994 2184 est
1010 2140 1029 2182 a
1058 2117 1205 2194 librario,
1240 2121 1294 2203 qui

279 2217 451 2284 dimetrum
474 2221 710 2305 anapaesticum
733 2221 886 2287 acatalect
873 2229 941 2285 tum
963 2220 1014 2285 hic
1037 2219 1211 2287 desiderari
1235 2243 1294 2307 pu·

279 2321 377 2399 tabat,
401 2321 598 2406 quodetiam
614 2322 755 2387 Monkio
771 2333 808 2389 et
817 2306 969 2389 Nauckio
992 2343 1106 2389 causae
1128 2323 1277 2390 fuisse
1247 2347 1293 2388 vr-

164 2498 168 2504 ,
279 2425 386 2501 datur,
416 2445 473 2489 cur
500 2425 600 2500 πέλας
626 2423 688 2489 ἔστ’
718 2436 749 2491 et
780 2425 816 2489 od
845 2426 947 2500 πέλας
966 2425 1105 2493 seribere
1127 2427 1294 2492 suaserint
1386 2502 1391 2513 ἱ

278 2526 354 2593 Jam
383 2527 591 2594 Hermannus
619 2528 700 2594 mala
730 2539 837 2594 tuetur
860 2528 979 2606 ἐνέποι,
1007 2529 1093 2613 quod
1116 2530 1294 2624 propterea

280 2630 443 2716 displicet,
473 2632 548 2715 quia
571 2631 684 2716 tragici
705 2653 769 2696 uon
792 2631 921 2710 ἐνέπειν,
950 2633 1006 2696 sed
1029 2629 1165 2693 ἐννέπειν
1189 2628 1313 2691 dicere¹

279 2733 433 2808 solebant,
455 2755 559 2829 neque
581 2733 709 2798 omnino
731 2733 833 2799 ullum
856 2732 1050 2818 exemplum,
1074 2697 1184 2813 quod
1183 2728 1292 2822 sciam,

280 2836 365 2920 apud
389 2857 443 2900 eos
465 2847 585 2912 exstat,
609 2857 672 2920 quo
694 2836 749 2900 illa
771 2839 895 2903 nonnisi
919 2835 1020 2922 poetis
1043 2832 1139 2917 epicis
1163 2829 1294 2916 proptia

279 2937 368 3003 verbi
398 2939 501 3002 forma
530 2937 651 3020 legeret
652 2961 703 3016 ur;
725 2941 891 3025 permulta
921 2947 1044 3011 autem,
1074 2932 1193 3018 quibus
1216 2932 1294 2998 haec
1409 2973 1411 2975 >

279 3040 439 3106 invenitur
457 3041 506 3124 ¹³)
551 3039 627 3106 Vox
653 3042 725 3106 τόδε
747 3043 898 3125 denique,
922 3060 1004 3122 quae
1026 3039 1059 3100 in
1082 3036 1232 3100 omnibus
1255 3024 1293 3099 ιι-
1354 3099 1356 3105 ,

280 3142 345 3208 bris
368 3141 497 3208 exhibet
484 3151 546 3219 t‚ur
561 3146 744 3209 necessario
766 3144 905 3210 tenenda
927 3151 987 3224 est,
1011 3139 1071 3204 nisi
1094 3140 1179 3205 ior-ta
1198 3138 1295 3213 alicui

279 3246 381 3328 magis
410 3245 532 3329 placet,
563 3247 702 3327 genuina
730 3246 833 3310 minua
861 3194 1042 3311 verecunda
1070 3249 1179 3356 nanu
1197 3263 1294 3308 esuc

279 3347 412 3470 arbitrio
435 3347 614 3414 emendare
946 3360 948 3370 ’

300 3448 471 3535 Versu
501 3450 608 3533 tertio,
638 3453 663 3514 si
693 3450 787 3513 libris
804 3450 1044 3533 adjuvaremur,
1073 3447 1293 3533 scripserimus

275 3553 342 3642 χρὴ
364 3529 525 3636 βασιλειαν
547 3530 672 3617 πενιιεῖν
693 3551 712 3640 ἢ
735 3551 819 3630 ζῶσ’,
843 3564 878 3617 ut
900 3553 940 3617 sit
962 3553 994 3616 in
1010 3574 1048 3617 eo
1064 3563 1199 3615 metrum
1215 3546 1293 3627 ejus·

281 3656 354 3721 dem
377 3652 512 3740 generis,
535 3656 682 3740 dactylus
698 3656 815 3721 scilicet
837 3667 868 3720 et
884 3665 947 3722 tres
963 3651 1105 3739 spondei,
1127 3647 1214 3732 quod
1229 3661 1293 3710 tra·

281 3758 344 3882 gici
375 3758 409 3822 in
442 3768 611 3843 systemate
644 3759 843 3884 anapaestico
876 3755 1036 3822 interdum
1070 3751 1174 3815 facere
1206 3769 1293 3813 ams-

373 4051 411 4124 ¹³)
434 4053 537 4110 Aesch.
555 4051 678 4124 Ohoaph.
696 4059 765 4107 543.
781 4051 876 4122 Suppl.
896 4055 964 4102 2⁰1
983 4050 1052 4101 908.
1064 4044 1149 4117 Soph
1163 4045 1209 4119 Δ]
1225 4053 1293 4104 751

283 4141 381 4199 Trach.
399 4146 469 4196 401.
484 4139 550 4197 Eur.
565 4137 680 4194 Her-..F
698 4142 766 4199 2⁷0.
856 4190 858 4197 ,
