2964 4678
530 377 763 524 -p'ra

235 645 320 714 Fieri
343 649 450 714 'autam
472 667 536 712 non
551 647 666 732 potuit,
688 657 722 712 ut
737 645 943 714 Scholiastam
958 647 1095 732 lugeret,
1118 656 1244 732 poetam

235 749 379 824 fabulam
402 769 502 826 auam,
526 750 551 813 si
574 749 608 813 id
630 771 740 814 verum
756 762 843 828 esset,
866 760 1063 826 retractasse,
1085 760 1181 834 atque
1202 761 1246 824 ut,

236 872 365 916 cumse
387 851 530 940 alioquin
546 851 717 918 admodum
739 851 921 936 diligentem
944 852 1088 918 criticum
1113 851 1245 936 praesti·

238 955 334 1030 timet,
355 975 393 1032 ec
416 963 541 1040 tantum
564 954 673 1019 codice
693 977 779 1032 usus,
800 956 851 1039 qui
868 955 983 1022 iterum
998 955 1116 1020 editam
1131 955 1247 1020 Alces·

240 1057 337 1123 tidem
361 1057 547 1134 contineret,
570 1079 700 1123 omnem
715 1057 932 1124 existimatoris
946 1057 1042 1123 fidem
1058 1057 1246 1142 negligeret,

240 1159 406 1226 lectionem
429 1159 531 1247 γέρας
551 1177 609 1244 pro
631 1159 769 1242 genuina
790 1160 879 1224 nobis
900 1159 1076 1226 venditans.
1120 1160 1245 1244 Itaque,

238 1281 311 1326 cum
333 1261 366 1326 in
385 1265 569 1328 universum
585 1260 742 1338 lectiones,
764 1282 840 1345 quas
856 1259 1053 1326 Scholiastus
1070 1262 1246 1345 proferunt,

237 1363 396 1448 siquidem
425 1363 583 1430 librorum
613 1363 797 1428 auctoritate
826 1365 1034 1448 adjuvantur,
1063 1375 1095 1430 et
1117 1365 1246 1429 cmninn

237 1466 305 1531 ullo
328 1466 424 1532 modo
445 1465 576 1533 defendi
599 1475 739 1550 possunt,
760 1466 904 1532 omnibus
926 1467 996 1531 aliis
1019 1467 1247 1552 praeferendae

240 1568 314 1646 sint,
336 1568 389 1633 hie
408 1589 537 1654 quoque
553 1563 760 1632 Scholiastam
774 1580 807 1633 et
823 1568 1106 1653 praestantissimos
1121 1570 1246 1636 codices

240 1669 376 1736 libenter
396 1671 566 1755 sequimur.
605 1667 741 1736 Videtur
761 1681 862 1736 autem
885 1671 979 1744 κλέος
1000 1672 1158 1754 glossema
1179 1695 1247 1738 esse

241 1793 259 1835 a
280 1771 410 1840 librario
432 1775 621 1858 profectum,
645 1773 741 1857 quod,
765 1793 833 1838 cnm
854 1775 944 1838 initia
965 1775 999 1836 in
1021 1774 1140 1839 codicis
1162 1797 1247 1838 mar·

154 1861 156 1869 '
240 1874 314 1958 gine
335 1875 535 1961 adscfirtum
550 1887 641 1953 esset,
664 1877 824 1960 posteaab
840 1875 903 1941 alio
919 1876 1060 1954 librario,
1082 1876 1137 1959 qui
1153 1898 1247 1940 suum

238 1977 378 2044 codicem
408 1999 449 2044 ex
479 2001 517 2044 ec
547 1978 729 2063 descripsit,
759 1979 787 2042 in
811 1989 997 2045 contextum
1026 1988 1190 2063 receptum
1213 1979 1246 2042 in

237 2079 380 2164 reliquos
401 2101 510 2146 omnes
533 2080 640 2156 libros,
663 2081 716 2165 qui
738 2080 810 2147 inde
829 2081 999 2159 fluxerunt,
1022 2081 1158 2166 irrepn't.
1203 2079 1247 2144 Et

238 2182 339 2248 vclnit
362 2183 496 2248 fortasse
518 2181 684 2260 librarius,
712 2185 795 2269 quod
817 2184 885 2252 fieri
907 2185 1045 2262 solebat,¹
1070 2185 1246 2260 doctrinam

239 2307 328 2349 suam
358 2285 542 2362 ostendere,
572 2285 677 2351 minus
698 2288 851 2353 eruditum
873 2287 1024 2355 lectorem
1046 2287 1109 2351 hcc
1129 2287 1247 2368 glosse-

239 2400 323 2462 mate
339 2389 569 2472 praemonitum
585 2410 652 2456 esse
671 2391 806 2473 οιιρὶοαι,
829 2391 1000 2481 genuinam
1014 2409 1126 2456 ¹vacem
1148 2389 1249 2476 γέρας

209 2553 211 2556 ,
239 2488 327 2552 aliud
342 2488 420 2573 quid
435 2488 488 2554 hic
502 2488 691 2574 significare,
702 2502 804 2575 atque
818 2492 1010 2559 vocabulum
1025 2494 1137 2578 γῆρας,
1160 2492 1247 2573 quod

239 2590 347 2675 paullo
371 2613 468 2677 supra
489 2590 615 2676 legitur.
660 2590 768 2658 Potuit
790 2604 950 2678 praeterea
965 2591 1114 2674 cogitare,
1136 2611 1246 2656 vocem

237 2691 338 2780 γέρας
358 2691 493 2759 eandem
515 2691 568 2759 hic
589 2691 707 2758 habere
726 2695 1004 2776 significationem,
1027 2703 1123 2776 atque
1145 2690 1246 2768 κλέος,

239 2815 311 2863 cum
333 2807 365 2861 et
380 2792 485 2860 Orcus
508 2795 639 2862 dixisset
660 2819 688 2862 v.
712 2796 751 2864 53
771 2801 870 2883 τιμαῖς
884 2797 962 2884 adul
976 2793 1148 2883 τέρπεσθαι
1163 2793 1247 2859 δόκει

240 2899 323 2985 (τιμὴ
346 2898 430 2964 idem
453 2898 519 2964 lere
539 2898 654 2975 valere,
677 2910 769 2983 atque
790 2900 881 2974 κλέος
902 2924 966 2968 non
982 2911 1067 2966 recte
1082 2906 1247 2976 statuens),

239 3013 271 3066 et
302 3000 380 3065 alibi
412 3021 506 3066 voces
534 3001 603 3089 τιμὴ
634 3011 665 3066 et
693 3002 783 3076 κλέος
811 3025 917 3070 secum
947 3003 1131 3086 conjunctas
1161 2999 1254 3086 apud.

239 3101 426 3188 Euripidem
449 3103 620 3170 invenisset
633 3108 669 3184 ⁹).
697 3104 808 3190 Itaque
822 3129 961 3184 securus,
984 3117 1092 3170 utrum
1107 3103 1249 3188 genuina

239 3217 319 3272 esset
341 3206 448 3295 lenti}
467 3227 577 3284 necne,
600 3205 686 3291 quod
709 3207 736 3272 ci
757 3208 909 3292 optimum
933 3209 1035 3274 visum
1057 3217 1114 3284 est,
1136 3205 1170 3270 id
1193 3216 1247 3273 aut

238 3307 271 3373 in
293 3309 437 3395 margine
459 3309 637 3394 adscripsit,
660 3321 715 3374 aut
736 3325 849 3378 temere
870 3313 902 3376 in
925 3309 1069 3375 ordinem
1091 3309 1219 3393 recepit.

323 3409 433 3476 Grave
455 3410 593 3494 denique
615 3422 835 3494 argumentum
858 3412 898 3478 ad
922 3409 1171 3479 confirmandam
1186 3411 1247 3476 lec·

238 3513 357 3580 tionem
378 3511 480 3600 γέρας
500 3511 561 3576 hoc
583 3512 720 3588 accedit,
749 3513 832 3595 quod
862 3514 953 3580 eain
976 3512 1069 3598 hujus
1091 3513 1153 3578 loci
1175 3533 1246 3578 esu·

238 3637 307 3682 sum
330 3615 444 3682 melius
467 3613 614 3698 quadrat,
637 3635 733 3698 quam
756 3616 851 3682 altera
872 3615 936 3682 illa.
968 3615 1074 3684 Orcus
1089 3616 1173 3682 enim
1189 3633 1248 3699 prc

238 3717 373 3784 rudibus
402 3739 483 3802 quos
512 3716 541 3783 ei
569 3727 663 3802 poeta
689 3718 833 3804 apposuit
855 3719 996 3784 moribus
1019 3718 1161 3804 prolecto
1184 3736 1248 3782 ncn

237 3959 292 4020 τοῦ
314 3955 473 4028 αλοοοέιος
492 3950 669 4019 θάπτεσθαι
688 3954 765 4028 τοὺς
783 3912 912 4042 ἔχοντας
932 3959 982 4020 καλ
1003 3959 1093 4020 τοῦτο
1117 3955 1250 4042 νομίζεις

237 4041 367 4130 γέρας
388 4037 470 4127 ἐμάν,
489 4041 553 4125 ’ἐγὼ
569 4040 606 4105 δὲ
620 4037 740 4126 γέρας
753 4042 831 4128 φημὶ
844 4045 879 4106 τὸ
895 4043 941 4107 ἐπὶ
957 4043 1012 4129 νέᾳ
1026 4039 1248 4106 νεανιεύεσθαι.

325 4133 352 4206 ⁹)
374 4135 410 4196 ef,
426 4135 513 4191 Andr.
532 4143 590 4194 ιιι
612 4125 684 4212 ταρὰ
705 4127 754 4191 καὶ
776 4125 875 4202 κλέος.
