2964 4678
600 443 726 516 ‘37

193 663 272 728 haee
295 663 394 729 verbe
416 683 487 727 sua:
510 663 640 736 διπλοῦς
659 661 705 727 ἐπ’
728 663 806 750 αὐτῇ
826 661 933 748 μῦθος
952 659 1016 727 ἔστι
1035 687 1089 748 μοι
1112 662 1210 746 λέγειν

195 779 225 832 et
247 765 329 830 ἔστιν
352 789 386 828 τε
407 764 491 829 τοῦτ’
515 763 557 828 ἔτ’
580 767 677 841 ἐστὶν,
700 765 835 832 Herculi
865 765 961 849 plane
983 766 1135 842 obseura,
1165 763 1211 830 ita

194 870 221 934 ei
245 868 405 952 explicare
428 867 548 944 voluit,
579 881 614 932 ut
635 867 847 952 intelligeret,
877 868 1210 952 Alcestidemaquanss

193 991 290 1055 quam
313 971 456 1037 nondum
478 980 604 1034 mortua
626 983 723 1046 esset,
751 990 823 1034 oum
846 981 952 1039 tamen
974 985 1107 1036 mortem
1128 971 1209 1035 lata·

192 1072 255 1137 lem
304 1071 394 1136 nullo
438 1069 535 1136 modo
582 1071 700 1136 evitare
743 1082 865 1154 posset,
909 1069 1020 1137 eodem
1063 1071 1137 1155 jure
1176 1071 1211 1138 in

192 1172 325 1238 mortuis
354 1171 583 1236 numerandam
615 1193 699 1248 esse,
729 1193 767 1236 ao
796 1173 822 1236 si
846 1173 915 1256 jam
944 1173 985 1241 de
1012 1171 1079 1237 vita
1101 1172 1209 1240 dene-

193 1277 292 1342 sisset.
345 1271 453 1356 Quam
483 1275 673 1339 sententiam
702 1275 812 1359 paullo
841 1275 1009 1358 ambigua,
1041 1284 1077 1338 ut
1106 1284 1209 1349 autea,

192 1401 270 1444 usus
300 1376 460 1450 oratione,
490 1377 524 1440 in
553 1377 737 1442 universum
766 1377 812 1442 sie
842 1377 1012 1463 expressit:
1043 1376 1208 1466 redensi

189 1481 322 1568 μέλλων,
355 1479 465 1544 rodult
486 1476 594 1542 dml'o
625 1477 806 1554 κατθανών,
835 1480 922 1564 qued
951 1491 1071 1546 vertas:
1102 1501 1209 1546 mor-

192 1597 287 1650 tuus
309 1593 371 1648 est
392 1583 442 1657 is,
465 1580 531 1645 oui
554 1581 807 1647 moriendum
829 1594 891 1647 est
913 1583 948 1662 (i.
965 1603 991 1648 e.
1015 1583 1081 1647 oui
1102 1603 1209 1648 more

192 1685 343 1752 fatalis
366 1690 450 1760 est),
472 1681 601 1747 siouti
624 1683 688 1766 qui
705 1683 782 1765 jam
798 1683 937 1749 devita
959 1683 1155 1761 decessit,
1176 1684 1209 1749 is

192 1787 372 1872 amplius
393 1807 472 1850 non
494 1796 557 1848 est
571 1789 623 1860 ³⁵).
653 1781 830 1869 Comparot
843 1783 942 1868 igitur
956 1784 1116 1852 Admetus
1131 1805 1208 1849 oon·

192 1891 343 1956 ditionem
366 1892 429 1950 τιῦν
449 1887 568 1973 ἀνάγκῃ
584 1885 842 1972 νατδανοομένων
859 1909 932 1952 oum
947 1887 1129 1954 conditione
1142 1892 1209 1950 τῶν

191 1990 417 2072 κατθανόντων,
449 2009 545 2072 quam
576 2011 673 2053 uuam
703 1990 903 2074 eandemque
930 2011 999 2056 esse
1020 1989 1107 2058 dioit.
1152 1987 1209 2056 sie

191 2095 298 2159 omnia
321 2093 401 2158 bene
415 2112 449 2156 se
466 2089 594 2166 habent,
616 2103 713 2174 atque
727 2093 795 2176 ipss
810 2092 979 2164 Admetus,
1001 2113 1035 2156 se
1057 2089 1098 2154 ab
1121 2090 1207 2156 Her-

192 2195 264 2260 eule
292 2195 337 2258 ita
364 2192 499 2276 intelligi
523 2193 690 2269 voluisse„
706 2193 773 2276 jam
804 2215 898 2258 versu
928 2192 986 2256 541
1017 2192 1208 2275 signifioavit

195 2295 303 2359 dicens
324 2300 394 2368 πῶς
415 2294 468 2359 οῦν
496 2293 538 2359 ἔτ’
568 2294 660 2370 ἔστιν,
691 2295 779 2382 εἴπερ
808 2291 921 2382 ᾔνεοεν
951 2294 1028 2358 τάδε
1058 2305 1116 2372 (se.
1143 2297 1207 2360 ἀντ’

196 2396 270 2486 ἐμοῦ
285 2395 469 2475 κατθανεῖν).
500 2397 614 2480 ltaque
637 2396 745 2462 Bothii
765 2398 949 2478 eoujeotura
963 2419 1027 2461 non
1043 2397 1208 2480 probatur,

196 2519 268 2562 oum
297 2511 328 2563 et
349 2499 452 2564 minus
474 2509 584 2584 aptum
608 2497 758 2564 exhibeat
780 2519 924 2573 sensum,
951 2510 983 2560 et
1003 2495 1207 2580 hyperbaton

192 2599 274 2664 illud
303 2599 419 2666 durum
441 2621 509 2666 esse
531 2599 687 2664 videatur.
730 2599 843 2680 Magis
862 2600 1004 2673 fortasse,
1027 2597 1055 2662 si
1077 2599 1207 2664 omuino

190 2700 242 2767 hio
263 2701 417 2784 eonjioere
438 2687 531 2777 lieet,
554 2700 693 2784 placebit
714 2697 840 2788 τέθνηχ’
862 2701 879 2764 ὁ
899 2698 1205 2786 μέλλων,,κοῦδὲν

190 2800 258 2866 ἔσθ’
280 2806 297 2866 ὁ
321 2799 485 2866 κατθανών
500 2806 552 2876 36,).

189 2927 220 2970 u.
244 2905 315 2970 562.
338 2902 399 2970 Art.
424 2903 480 2966 οὐκ
502 2899 584 2994 ἔστιν
607 2901 701 2966 ἄλλον
725 2903 755 2970 α’,
777 2903 898 2990 ἀνδρὸς
919 2902 1023 2966 ἑστίαν
1042 2901 1158 2987 μολεῖν.
1196 2935 1200 2942 ’

422 3007 499 3094 ἡγοῦ
523 3002 572 3080 σὺ,
595 3003 696 3067 τῶνδε
719 3005 872 3088 δωμάτων
896 3003 1049 3102 ἐξωπίοος

426 3109 569 3180 ξενῶνας
589 3103 678 3179 οἴξας
698 3130 724 3172 κ.
748 3129 773 3171 τ.
796 3107 821 3170 ἐ.

273 3207 388 3272 Malim
421 3229 498 3273 oum·
529 3205 627 3274 Fixio·
657 3217 688 3273 et
720 3199 924 3272 Kirohhoifio
957 3228 1016 3291 pro
1048 3205 1204 3272 librorum
1237 3225 1240 3232 ’

189 3308 291 3372 τῦνδε
313 3309 406 3373 unius
433 3309 551 3374 eodieis
574 3309 712 3375 Parisini
741 3309 911 3374 lectionem
934 3307 1037 3393 τῷδε,
1066 3319 1102 3372 ut
1131 3329 1203 3374 oum

188 3408 353 3475 vocabulis
375 3412 452 3498 ἡγοῦ
480 3409 518 3473 οῦ
544 3412 709 3495 jungatur.
753 3409 819 3474 Hie
848 3411 932 3476 enim
962 3408 1139 3486 desideras,
1168 3419 1204 3472 ut

186 3511 326 3576 famulus
355 3511 532 3595 intelligat,
563 3514 628 3576 oui
658 3513 782 3598 praeire
811 3512 852 3578 ab
883 3511 1023 3577 Admeto
1039 3511 1202 3594 jubeatur.

187 3611 337 3682 Ceterum
348 3614 443 3682 lentio
454 3613 556 3678 τῦνδε
571 3613 724 3701 δωμάτων
740 3615 882 3699 languet,
897 3625 928 3681 et
943 3613 1076 3679 Admeti
1091 3611 1202 3678 oratio·

274 3859 315 3932 ³⁵)
339 3863 471 3920 Similiter
487 3862 557 3920 dixit
572 3864 656 3935 Soph.
673 3865 744 3920 Oed.
768 3861 802 3916 R.
827 3867 893 3916 612.
917 3854 965 3925 ὡς
982 3853 1065 3936 ὑμᾶς
1087 3847 1139 3914 ἴσα
1153 3852 1203 3914 καὶ

186 3937 221 4002 tl
233 3939 334 4027 μηδὲν
351 3941 458 4016 ζώσας
475 3941 645 4029 ἐναμιδμῶ.
1200 4005 1203 4012 .

274 4043 318 4124 ³⁶)
342 4051 377 4110 of.
397 4051 426 4108 h.
447 4053 467 4114 l.
489 4072 515 4108 v.
539 4059 608 4114 392.
628 4041 749 4142 χρόνος
766 4039 900 4134 μαλάξει
922 4039 961 4114 α’.
985 4035 1077 4104 οὐδὲν
1100 4035 1201 4114 iod’d

122 4133 124 4142 ’
186 4122 361 4200 κατθανών.
426 4148 429 4156 ·
733 4129 737 4136 “
1187 4155 1189 4163 ·
