2964 4678
656 437 699 520 3'5'

168 662 255 740 buit3
289 649 400 748 poeteh·
430 683 506 730 vero
536 663 691 730 sententie
719 671 840 730 mutate
873 657 1018 730 Ιίίοκοτοῧ
1040 658 1192 754 ῥείθρων

168 765 310 832 scribens
330 766 516 832 loounostm
539 763 673 854 putebat
695 761 934 852 antistrophtr‘n.
967 765 1043 834 Jem
1066 765 1183 832 Bothio

168 866 250 931 nihil
279 865 367 932 eliud
389 866 444 932 ille
466 887 577 932 versus
607 889 674 932 esee
703 865 890 946 videbatur,
920 865 982 932 nisi
1011 862 1182 954 explicatio

169 967 340 1034 verborum
368 969 504 1055 ποταμίᾳ
532 967 668 1056 νερτέρᾳ
693 991 727 1032 τε
748 970 855 1056 κώπᾳ,
886 973 1082 1056 qub'propter
1111 988 1182 1034 eum

170 1067 296 1136 delevit.
340 1067 471 1155 Vulgus
493 1070 631 1156 denique
653 1069 829 1136 editionum
851 1082 907 1136 eut
928 1070 1075 1136 omnibus
1093 1067 1185 1134 libris

170 1172 276 1238 invitis
299 1173 349 1236 tul
362 1172 519 1238 Κωτοτοῖο
531 1169 691 1262 ῥεέθρων,
714 1187 769 1238 eut
792 1191 864 1239 oum
880 1169 989 1238 codiee
1004 1193 1022 1238 ε
1037 1167 1183 1236 Ιίωτοτοθ

171 1291 206 1339 τε
223 1272 364 1363 ῥείθρων
385 1273 525 1342 exhibet.

257 1393 367 1479 Atque
387 1393 567 1460 Hermenni
597 1393 691 1459 leotio
721 1414 794 1458 oum
824 1405 855 1460 et
877 1403 988 1460 oontre
1014 1390 1116 1484 libros
1136 1393 1186 1470 sit,

174 1507 214 1576 et,
236 1497 314 1582 quie
336 1517 408 1562 eum
422 1495 529 1562 verbis
549 1495 684 1590 ποταμίᾳ
706 1493 842 1584 νερτέρᾳ
863 1519 899 1560 τε
920 1497 1012 1584 κώπᾳ
1027 1490 1188 1582 jungitur,

174 1595 376 1684 languidum,
398 1609 435 1664 ut
455 1607 542 1664 reete
563 1593 698 1664 Bothius
728 1587 971 1678 animadvertit,
999 1619 1110 1666 eorum
1132 1619 1188 1664 ex·

176 1696 378 1789 pli'entionem
400 1699 578 1777 continent,
599 1696 767 1786 displiceat
790 1718 918 1767 neeesse
940 1711 996 1765 eet.
1041 1696 1189 1770 offendit

174 1825 232 1870 noe
255 1815 420 1890 praetereo
441 1801 544 1869 formo
567 1812 729 1868 contracto
748 1801 897 1870 vocabuli
916 1799 1068 1890 ῥείθρων,
1091 1795 1188 1888 quem

175 1901 347 1994 Euripides
375 1926 532 1992 usurpare
562 1926 625 1970 non
655 1904 735 1971 solet
742 1929 752 1982 ;
781 1903 896 1972 etenim
925 1925 1025 1969 unum
1053 1913 1189 1984 tentum,

175 2009 263 2094 qnod
292 2011 400 2087 eciem,
427 2003 610 2093 exemplum
640 2006 727 2091 opud
757 2029 831 2074 eum
853 2017 966 2084 exstet,
995 2027 1058 2092 quo
1080 1994 1120 2073 eti
1139 2005 1188 2075 iu·

176 2111 303 2178 venitur
317 2116 371 2189 ³³).

262 2227 423 2312 Equidem
445 2249 518 2294 oum
540 2223 687 2294 Nauokio
709 2227 877 2294 lectionem
899 2227 1046 2294 Κωκυτοῦ
1068 2248 1104 2290 τε
1121 2225 1190 2314 ῥεί·

180 2324 271 2416 θρων
293 2341 394 2408 teneo,
416 2352 498 2415 quoe
520 2350 594 2396 oum
608 2329 714 2396 verbis
736 2328 773 2402 ἐξ
789 2327 876 2394 Ἀίδα
897 2330 1061 2418 τεράρνων
1079 2327 1193 2414 junete

182 2429 216 2494 in
245 2427 338 2515 hujus
366 2429 428 2498 looi
457 2454 583 2498 sensum
612 2431 732 2516 optime
761 2429 908 2516 quadret.
952 2425 1080 2496 Chorus
1108 2429 1192 2496 enim

181 2532 260 2599 hseo
282 2531 398 2599 dixisse
419 2533 562 2600 videtur:
591 2534 749 2598 utinam
775 2545 814 2598 te
836 2554 884 2599 ex
905 2530 1103 2598 Plutonis
1126 2552 1192 2597 ee·

180 2633 304 2700 dibus
333 2647 372 2702 et
394 2631 546 2722 Cocyti
568 2634 779 2701 fluetibus
801 2633 851 2700 ed
872 2655 1047 2720 superos
1069 2633 1192 2700 redu·

180 2757 273 2804 oere
295 2759 473 2820 possem,
496 2737 582 2821 quod
604 2737 649 2802 ite
670 2735 890 2820 intelligimus,
912 2745 948 2800 ut
962 2735 995 2799 in
1009 2733 1193 2803 reducenda

180 2836 348 2904 Aleeetide
375 2835 536 2923 duplicem
565 2837 672 2904 videet
702 2827 940 2914 dilfioultetem,
972 2857 1042 2901 enm
1074 2834 1194 2902 scilieet

180 2939 249 3024 regi
277 2940 452 3006 inferorum
482 2939 611 3006 omnino
633 2939 787 3024 eripiendi
809 2950 841 3005 et
863 2960 935 3004 oum
957 2948 1067 3024 erepte
1088 2933 1193 3022 Coey-

181 3052 260 3118 tum‚
283 3043 339 3128 qui
361 3039 571 3127 Thesprotiae
592 3027 707 3106 fluvius
730 3063 803 3106 oum
826 3039 928 3104 tribue
950 3039 1019 3106 eliis
1041 3059 1100 3126 pro
1116 3037 1195 3106 Oroi

180 3139 299 3208 finibus
319 3141 510 3222 habebatur,
532 3139 665 3210 feliciter
685 3141 871 3226 trejieiendi.
1003 3191 1007 3200 .

268 3275 358 3357 Quid
384 3276 417 3342 in
439 3277 638 3363 antistrophe
664 3275 746 3343 inter
767 3297 894 3344 versum
916 3273 979 3341 483
1001 3283 1032 3340 et
1053 3273 1118 3340 484
1138 3295 1195 3342 ex·

184 3378 313 3455 uiderit,
341 3378 473 3448 difficile
502 3391 549 3446 eet
579 3381 761 3464 oonJeoture
786 3379 932 3464 prebere.
974 3375 1110 3442 Fmoidit
1129 3379 1194 3444 lor·

184 3493 268 3546 tasse
295 3479 408 3547 similis
435 3480 590 3548 sententie
620 3503 658 3548 oo
683 3503 766 3566 quoe
786 3479 817 3547 h.
839 3481 861 3547 f.
882 3503 912 3544 v.
935 3478 1004 3546 301.
1027 3480 1055 3544 2.
1077 3479 1196 3563 legitur

185 3581 292 3656 καλῶς
316 3581 375 3668 μὲν
402 3581 510 3656 αὐτοῖς
533 3580 696 3650 κατθανεῖν
723 3582 817 3672 ἧκον,
847 3603 931 3667 quse
960 3580 1122 3667 quomodo
1143 3579 1197 3646 hio

184 3685 395 3772 exprimendo
415 3687 466 3766 eit,
488 3707 529 3753 ne
550 3695 686 3752 metrum
707 3687 864 3763 turbetur,
886 3683 978 3750 nobie
1000 3705 1064 3750 non
1085 3681 1195 3765 liquet.

273 3963 317 4038 ³³)
339 3969 405 4026 Eur.
417 3967 461 4024 sl.
476 3974 543 4024 799.
558 3941 715 4044 ποταμίων
725 3956 867 4047 ῥείθρων
882 3956 952 4022 ἄπο.
964 3991 1006 4004 -
1017 3961 1197 4022 MeleBlom·

187 4051 286 4106 heldos
306 4053 409 4110 hereb.
425 4055 479 4126 Ag.
500 4060 571 4110 208.
592 4051 707 4107 exhibet
722 4041 879 4132 ῥείθροις,
897 4053 998 4107 bonam
1013 4048 1078 4104 llldi
1098 4057 1128 4103 et
1141 4047 1198 4107 Ro·

186 4136 299 4193 borrelli
314 4139 464 4196 lectionem
474 4128 628 4219 ῥεέθροις
641 4139 843 4194 emendaturus.
