2964 4678
1191 396 1264 468 vn

242 613 482 688 inveniuntur.
552 613 784 712 inspeximus
834 625 1021 714 praeterea
1069 586 1261 715 diligenter

240 749 412 846 Pflugkii,
439 750 569 836 Bothii
598 748 798 840 Matthiaei‚
821 749 1034 843 Hermanni,
1053 749 1259 850 Hartungii,

240 886 420 960 Dindorfii
448 886 643 972 editionem
681 885 813 983 quibus
846 888 905 962 hic
931 887 1005 984 illio
1032 889 1169 986 optime
1197 888 1258 960 ad·

237 1023 309 1119 juti
336 1049 473 1098 sumus.

222 1229 224 1234 .
344 1159 486 1252 Restat,
526 1172 567 1233 ut
599 1159 776 1257 quaedam
810 1160 854 1234 de
881 1158 1067 1260 Euripidis
1094 1160 1259 1236 codicum

240 1299 455 1371 auctoritate
489 1308 595 1394 atque
633 1297 806 1396 dignitate
844 1299 1129 1397 praemittamus.
1186 1292 1258 1370 Sed

240 1459 323 1509 eum
351 1435 419 1506 hac
445 1433 489 1507 de
517 1459 556 1506 re
585 1431 771 1507 Nauckius
799 1450 837 1507 et
867 1460 983 1543 nuper
1003 1405 1257 1508 'Kirchhoffius

242 1594 385 1665 quoque
413 1573 447 1642 in
476 1569 702 1666 praefatione
731 1571 775 1642 ad
804 1571 998 1645 editionem
1027 1593 1132 1644 suam
1154 1567 1255 1644 Euri·

243 1705 334 1803 pidis
362 1706 569 1778 doctissime
596 1707 647 1778 ita
674 1705 945 1802 disputaverint,
972 1714 1013 1776 ut
1030 1705 1093 1778 vix
1121 1705 1256 1806 aliquid

210 1859 211 1862 ’
241 1842 322 1916 addi
354 1845 483 1940 possit:
512 1867 557 1914 ne
585 1842 711 1916 eadem
739 1852 899 1940 repetere
919 1839 1116 1932 videamur,
1143 1844 1257 1917 missa

238 1980 326 2052 haec
352 1981 539 2052 iaciamus.

340 2115 381 2188 ln
425 2115 527 2189 libris
566 2109 798 2214 designandis
836 2107 1102 2189 Kirchhoffium
1141 2117 1255 2192 secuti

237 2255 332 2326 notis
358 2255 416 2327 usi
444 2277 569 2326 sumus
597 2253 668 2323 his:

392 2437 430 2511 B.
485 2436 689 2512 Vaticanus.
851 2504 858 2520 ‚
902 2505 910 2521 ‚

590 2569 597 2584 ,
670 2569 677 2584 ,
786 2512 923 2600 optimi.

390 2573 429 2650 O.
482 2570 708 2644 Havnrensrs.

388 2712 430 2784 A.
483 2705 712 2780 Harleianus.

386 2847 430 2919 B.
483 2839 680 2917 Palatinus.
788 2708 930 3064 }b0ni.

388 2981 423 3053 0.
475 2975 710 3051 Florentinus
738 2984 772 3054 2.

386 3111 426 3190 G.
479 3113 699 3188 Harleianus
726 3141 774 3198 m.
803 3137 872 3188 sec.

386 3277 418 3328 a.
483 3250 680 3326 Parisinus.

386 3388 420 3463 b.
482 3385 715 3462 Florentinus
740 3369 876 3461 Vossii.
934 3386 1144 3466 deteriores.

385 3551 414 3598 c.
476 3523 792 3598 Florentinus10.

385 3660 420 3738 d.
474 3659 705 3734 Florentinus
736 3661 791 3736 15.
