2964 4678
690 436 735 500 di
780 495 786 504 .

198 649 329 737 quaevis
351 657 427 736 apte
449 657 496 714 est
518 645 606 713 hnic·
621 645 708 726 loco,
737 641 791 713 'vir'r
814 659 925 736 aptum
948 649 975 716 ἀ
997 655 1052 715 παῖ
1072 651 1105 717 in
1128 661 1218 716 tanta

199 751 409 819 commotione
432 747 537 814 animi.
1227 751 1228 756 ’

168 913 180 929 =
198 896 227 937 v.
251 871 321 937 761.
345 871 505 938 ...ἀλλὰ
527 869 612 934 τοῦδ’
635 867 723 940 ούπω
747 871 837 944 ξένον

343 973 457 1038 κακίον’
480 972 528 1048 είς
548 972 634 1062 σηνά’
658 973 762 1038 ἑστίαν
784 974 950 1064 ἐδεξάμην,

341 1077 381 1151 ὃς
400 1080 514 1165 πρῶτα
533 1075 592 1161 μέν
614 1075 790 1141 πενθοῦντα
813 1077 967 1168 ἀεσπύτην
990 1082 1077 1168 ὑμῶν

342 1177 468 1268 είς-ἦλθε
489 1179 656 1268 κάτύλμησ’
680 1179 872 1266 ἀμείψασθαι
893 1181 1005 1256 πύλας.

280 1299 336 1367 Sic
357 1298 488 1384 quidem
509 1297 601 1376 libri;
615 1298 680 1392 'sed
703 1299 851 1385 displicet
872 1323 982 1368 versus
1001 1315 1142 1387 quartus,
1164 1303 1217 1368 cni

196 1403 284 1470 haud
315 1400 380 1468 seio
407 1422 449 1466 en
470 1398 597 1464 medela
620 1399 803 1468 adhibenda
825 1403 873 1470 sit.
916 1404 1109 1490 Languidus
1131 1405 1218 1472 enim

198 1517 271 1571 sunt
292 1524 386 1570 voces
408 1499 600 1588 ἀμείψασθαι
616 1501 726 1586 πύλας,
750 1525 841 1588 qnae,
864 1526 936 1572 cnm
959 1507 1100 1592 ejusdem
1115 1507 1215 1593 signi·

196 1606 352 1674 ficationis
367 1606 501 1680 verbum
516 1603 643 1694 ελςηλθε
658 1607 871 1686 antecesserit,
887 1608 1098 1695 tautologiam
1114 1611 1214 1677 conti·

197 1722 290 1789 nent,
320 1732 417 1796 quam
446 1729 486 1774 ne
515 1707 548 1772 in
579 1707 664 1774 servi
693 1707 823 1794 quidem
851 1709 993 1776 oratione
1022 1711 1214 1796 probaveris.

198 1811 407 1900 Quapropter
437 1831 564 1878 versum
596 1822 781 1895 corruptum
809 1833 877 1878 esse
904 1823 1000 1898 puto,
1028 1835 1122 1896 quern
1150 1812 1216 1878 levi

197 1927 378 1988 correctura
405 1914 451 2006 sio
481 1912 677 1998 scripserim:
707 1912 836 2002 ελςῇλθε
857 1914 926 1981 κού
949 1914 1110 2003 τύλμησ’
1133 1914 1213 2000 ἀμεί-

197 2018 319 2108 ψασθαι
341 2016 452 2100 πύλας,
476 2014 564 2100 quod
587 2026 706 2082 vertas:
737 2017 896 2082 domum
918 2017 1110 2094 intravit,
1139 2037 1214 2082 nec

197 2144 243 2190 ea
264 2121 378 2188 exire
399 2117 536 2185 voluit
551 2121 605 2194 ³⁰).
635 2117 744 2200 Magis
765 2118 899 2186 fortasse
923 2118 1017 2186 alicui
1033 2117 1214 2200 conjicienti

198 2222 338 2310 placebit
360 2219 484 2310 ελςῆλθε
507 2219 577 2300 μού
601 2220 773 2311 τύλμηο’
796 2220 1028 2312 ἀνήνασθαι
1051 2221 1215 2298 πύλαςίθ).

200 2323 361 2408 Equidem
383 2321 467 2389 hune
491 2324 627 2400 versum',
651 2323 812 2408 quidquid
834 2323 916 2388 illud
940 2337 1003 2402 est,
1025 2326 1058 2388 in
1081 2346 1144 2410 quo
1166 2321 1214 2386 la-

201 2427 301 2502 borat,
325 2446 387 2490 non
409 2446 428 2489 a
449 2435 545 2510 poeta
566 2424 745 2510 profectum
768 2447 835 2492 esse
858 2447 1045 2510 persuasum
1067 2425 1179 2494 habeo.

198 2569 227 2612 v.
250 2544 321 2612 804.
344 2544 386 2617 roi
403 2543 496 2609 θ’ἄλλ
519 2541 614 2610 ἔασον
636 2547 734 2610 ταῦτα
756 2547 805 2610 καὶ
827 2543 936 2610 πείθου
960 2545 1065 2628 λύγοις
1158 2606 1161 2615 ,

339 2647 467 2732 ἐμοῖσιν,
490 2645 578 2735 εἴπερ
602 2645 688 2735 ἀμθά
710 2672 759 2712 σοι
781 2647 867 2715 ἀσκῶ
889 2647 1000 2732 λέγειν.

341 2748 423 2836 οἶμαι
442 2749 510 2834 μέν.
534 2747 647 2817 οὔκουν
668 2752 723 2840 τὴν
746 2750 825 2836 dra»
846 2751 944 2840 λύπην
968 2753 1063 2838 ἀφείς

340 2853 393 2940 arip
413 2851 485 2938 μεθ’
507 2854 606 2942 ἡμῶν,
628 2854 718 2920 τάσδ’
741 2854 931 2942 ὑπερβαλὼν
954 2853 1055 2942 τύχας
1091 2919 1096 2926 ,

341 2957 514 3042 στεφάνοις
533 2955 705 3031 πυκασθείς
711 2981 720 3034 ;
1033 3043 1042 3051 1

281 3075 374 3142 Haeo
392 3075 525 3160 plurimi
547 3075 623 3141 libri
645 3087 787 3152 tuentum
816 3075 981 3140 Parisinus
1002 3074 1101 3141 habet
1121 3097 1216 3141 versu

197 3189 311 3264 quarto
322 3177 432 3255 πύλας,
448 3198 531 3264 quae
542 3178 636 3246 lectio
651 3181 684 3242 in
696 3177 886 3244 Florentino
901 3177 1043 3244 secundo
1055 3177 1217 3261 adscripto

197 3292 253 3348 est.
283 3277 499 3346 Vetustissimi
514 3281 648 3358 codices,
664 3301 749 3362 nunc
765 3280 894 3366 quidem
910 3279 1080 3366 deperditi,
1103 3279 1136 3342 in
1153 3281 1214 3344 hoc

160 3435 169 3458 .
197 3379 481 3449 versuexhibendo
490 3381 853 3469 discrepassevidentur‚
866 3381 1006 3467 quodni
1015 3382 1110 3449 fallor
1118 3405 1158 3448 ex
1167 3381 1215 3448 his

284 3608 327 3682 ³⁰)
344 3601 533 3691 ἀμείβεσθαι
544 3603 647 3679 πύλας
656 3613 795 3688 significat
805 3612 918 3687 proprio
931 3615 1060 3669 domum
1075 3612 1215 3679 intrare,
1290 3613 1291 3616 ’

197 3707 228 3754 nt
241 3715 292 3754 nos
306 3697 511 3772 Wesselingius
526 3699 563 3754 ad
577 3699 683 3754 Herod
708 3707 736 3770 2,
762 3707 828 3756 104.
853 3719 880 3771 p.
905 3706 976 3768 408,
1001 3705 1049 3753 ³8.
1066 3699 1163 3766 doeet;
1186 3706 1215 3751 at

198 3792 261 3842 sunt
276 3802 387 3859 qnoque
403 3785 541 3858 exempla,
563 3784 662 3856 quibus
682 3793 755 3842 teste
769 3785 870 3846 Bothio
891 3786 952 3858 ejus
970 3783 1115 3843 locutionis
1129 3782 1215 3855 signi·

197 3871 288 3928 ficatio
304 3872 400 3928 domo
416 3872 514 3930 exire
531 3871 665 3928 firmatur.

285 3948 327 4033 ⁴⁰)
349 3957 385 4013 ol.
400 3957 481 4016 Hom.
498 3958 550 4014 Od.
569 3962 596 4025 3,
613 3963 682 4012 265.
705 3948 847 4014 ἀναίνετο
869 3945 963 4036 ἔργον
984 3945 1097 4020 ἀεικές.
1115 3953 1168 4011 Od.
1187 3961 1215 4010 4.

201 4047 270 4100 ⁶51.
285 4033 426 4190 ἑαλεπύν
446 4059 498 4100 κεν
518 4031 693 4124 ἀνήνασθαι
708 4033 795 4098 δύσιν
819 4031 875 4124 εἴη.
905 4045 941 4104 Et
955 4041 1048 4124 paullo
1064 4039 1118 4102 alio
1134 4057 1216 4101 sensu

198 4125 270 4188 dixit
310 4147 352 4188 ar.
367 4128 411 4190 El.
429 4133 498 4189 erc.
514 4121 676 4207 ἀναίνομαι
690 4124 845 4207 γυναῖκας.
