2964 4678
701 358 739 425 12

297 571 486 642 Destinatur
514 582 620 640 autem
642 595 727 638 mors
749 595 766 637 a
788 574 850 638 lato
871 573 953 640 inter
975 571 1055 638 alios
1078 569 1117 638 iis
1138 591 1220 658 quo·

212 695 291 760 que,
325 676 381 762 qui
411 698 482 742 cnm
515 677 556 742 ad
586 677 812 772 provectiorem
844 687 980 742 aetatem
1016 674 1222 761 pervenerint
1296 713 1299 718 ·

212 779 387 844 secundum
414 779 501 864 leges
527 790 660 844 naturae
681 777 815 862 longiori
836 778 902 844 vitu
923 777 1035 842 laetari
1058 799 1121 843 non
1143 799 1220 864 pos-

211 893 294 969 sunt.
336 879 391 948 Sic
412 903 506 948 voces
527 883 592 952 τοῖς
609 881 753 966 μέλλουσι
775 902 816 946 sc.
838 879 984 970 ιλνὴοκειν
1008 879 1221 966 explicandae

212 995 295 1052 sunt:

297 1085 434 1153 «Iuvabit
473 1085 612 1171 denique
644 1095 806 1172 poetarum
838 1073 932 1152 usum
964 1107 1221 1165 commemorare,

213 1210 293 1274 quo,
323 1209 506 1274 quenquam
536 1189 576 1255 ds
597 1209 662 1254 nna
684 1199 802 1254 tantum
826 1211 961 1275 persona
983 1190 1142 1275 cogitant,
1172 1191 1220 1253 ni·

213 1291 384 1356 hilominus
407 1302 512 1356 tamen
535 1291 710 1380 orationem
732 1291 774 1355 ita
797 1303 1000 1378 componunt,
1022 1302 1057 1357 ut
1079 1291 1120 1358 ad
1137 1313 1222 1358 oom-

213 1395 322 1480 plures
345 1413 496 1479 personas
517 1394 685 1459 referenda
706 1416 771 1460 essa
793 1393 947 1473 videatur,
970 1395 1057 1480 quod
1080 1395 1131 1461 hic
1154 1395 1222 1460 Eu·

211 1497 331 1582 ripides
352 1495 427 1561 fecit
450 1495 558 1561 dicens
580 1498 647 1569 τοῖς
662 1495 806 1582 μέλλουσι
828 1519 886 1583 pro
909 1519 973 1583 quo
995 1520 1128 1564 nurnero
1151 1497 1223 1584 plu·

213 1599 286 1674 rali,
316 1618 388 1664 cum
417 1619 515 1663 unam
544 1610 668 1664 tantum
691 1599 883 1667 Alcestidem
906 1601 1029 1686 Apollo
1059 1600 1225 1686 usquead

213 1713 386 1769 extremam
409 1713 603 1769 senectutem
626 1703 745 1768 servari
766 1702 908 1788 cupierit,
930 1723 1098 1770 numerum
1114 1704 1225 1788 singu-

212 1806 311 1870 larem
327 1807 379 1898 -τῇ
406 1805 566 1891 μελλούσῃ
598 1804 834 1888 exspectaveris.
887 1802 953 1870 Sed
987 1805 1061 1868 trita
1090 1815 1138 1870 est
1169 1805 1226 1870 illa

214 1907 413 1974 Graecorum
447 1918 613 1990 poetarum
653 1905 846 1969 consuetudo
880 1905 1021 1990 ponendi
1058 1927 1225 1984 numerum

199 2011 371 2096 ,pluralem
401 2032 459 2094 pro
489 2007 644 2092 singulari
659 2013 703 2086 l),
732 2009 818 2093 cujus
845 2000 1084 2075 consuetudinis
1112 2031 1226 2076 unusne

215 2133 287 2178 cum
311 2111 488 2198 permultae
509 2123 606 2197 atque
628 2109 857 2178 diversissimae
878 2113 949 2189 sint,
971 2134 1025 2178 eas
1041 2134 1151 2179 omnes
1173 2112 1226 2179 hio

214 2215 311 2282 affere
334 2216 539 2302 aproposito
562 2226 669 2280 nostro
691 2213 838 2280 abhorret
853 2219 887 2294 ἲ).

297 2316 372 2382 Jam
394 2339 503 2384 versus
526 2340 566 2383 ex
588 2317 636 2382 his
657 2339 737 2402 quos
760 2317 947 2404 protulimus
973 2327 1104 2385 octavus
1126 2317 1226 2402 vulgo

215 2421 261 2486 sio
283 2419 467 2488 exhibetur:
499 2421 578 2486 νέων
607 2419 779 2508 φθινόντων
804 2421 910 2506 μεῖζον
940 2419 1075 2510 ἄρνυμαι
1097 2422 1226 2498 κλέος,

214 2546 310 2609 quam
340 2525 507 2591 lectionem
531 2525 595 2590 duo
618 2535 739 2589 tantum
762 2525 885 2592 codices
907 2523 974 2589 BC
994 2534 1132 2590 tuentur.
1163 2522 1226 2592 Oc·

213 2625 273 2692 teri
295 2649 413 2704 omnes,
435 2627 467 2690 in
490 2627 592 2711 iisque
614 2627 734 2712 optimi,
758 2625 936 2692 Scholiasta
960 2636 991 2691 et
1016 2627 1227 2692 recentiorum

213 2727 370 2794 editorum
387 2727 567 2814 Pfluglrius
591 2727 787 2806 Dindorfins‚
803 2727 978 2806 Nauckius,
996 2725 1227 2806 Kirchholfius‚

213 2854 271 2918 pro
295 2831 387 2905 κλέος
407 2831 526 2898 habent
548 2831 658 2918 γέρας,
690 2831 776 2916 qnod
807 2827 995 2896 Hermanno
1022 2829 1149 2896 videtur
1179 2853 1227 2898 se·

212 2935 338 3000 eundae
367 2934 557 3000 recensionis
584 2954 658 3000 esse.
702 2932 767 2998 Sed
789 2932 889 2998 falsus
916 2944 963 3000 est
985 2931 1046 2997 hac
1067 2932 1098 2995 in
1123 2953 1157 2997 ra
1179 2932 1228 2996 vir

212 3037 427 3114 doctissimus,
458 3057 530 3101 cum
558 3037 627 3119 ejus
649 3036 787 3122 suspicio
810 3035 899 3100 nullo
922 3033 1119 3118 antiquitatis
1143 3035 1228 3100 testi·

212 3140 318 3204 monio
341 3137 495 3225 probetur
518 3161 619 3224 neque
648 3137 819 3204 verisimile
841 3137 898 3214 sit,
929 3134 1157 3214 Scholiastam‚
1187 3137 1227 3203 si-

212 3240 341 3326 quidem
384 3239 556 3326 Euripides
599 3241 740 3305 fabulam
785 3261 875 3305 suam
915 3239 1031 3306 iterum
1068 3240 1228 3317 edidisset,

212 3343 351 3412 secunde
380 3344 570 3410 recensionis
599 3343 733 3409 lectione
760 3343 792 3406 in
815 3352 999 3408 contextum
1015 3355 1150 3430 ‚recepta
1172 3364 1228 3426 ge-

213 3447 344 3512 nuinam
371 3446 459 3512 illam
493 3447 627 3530 primam
656 3445 780 3512 silentio
803 3446 1050 3530 praeteriturum
1072 3446 1177 3511 luisse.
1193 3449 1229 3524 ⁸).

218 3573 383 3586 ..μ-4....
384 3575 479 3582 -----
481 3574 520 3582 ..-

299 3641 327 3713 ⁶)
350 3643 382 3698 cl.
400 3643 500 3698 Matth
515 3645 614 3710 5298.
631 3659 694 3715 pag
714 3647 879 3697 tra-too
897 3645 1033 3710 et§556
1052 3647 1145 3696 nott.
1162 3657 1229 3716 pag.

216 3735 294 3784 1292
301 3735 432 3882 ²)l2rlsl.
455 3794 582 3885 lihons
604 3813 727 3872 edicit:
752 3807 797 3876 εἷς
819 3803 856 3890 ὄν
858 3829 912 3870 κον
933 3807 1005 3914 τῆς
1013 3803 1133 3878 λέξεως
1153 3827 1225 3890 σομ-

210 3892 357 3977 βάλλεται
387 3894 422 3956 τὸ
452 3890 485 3956 ἓν
516 3856 614 3957 πολλὰ
642 3892 748 3956 ποιεῖν.
779 3901 868 3974 Long.
894 3906 942 3958 te.
972 3891 1010 3954 rol
1040 3888 1229 3979 πληθοντικὰ

208 3979 478 4144 μεγαλθρςἒλλολλέ.
468 4001 579 4130 ordeles
590 4067 608 4130 d
621 4063 763 4138 θάνατος
773 4086 859 4154 W‘
876 4063 969 4150 ”blm
983 4062 1022 4128 σὺ
1034 4061 1226 4154 παραβάλλῃ
